4970 6164
481 724 554 800 [tu
583 735 622 798 et
657 724 748 798 i'B'.
799 722 853 798 Ut
881 720 1123 823 splendorem
1144 722 1329 823 portium
1354 725 1489 798 annuli
1509 724 1622 798 nobis
1648 721 1861 800 visibilium
1894 724 2000 799 inter
2030 744 2070 797 se
2094 736 2293 821 eompnra

485 873 597 938 muS,
621 849 904 923 observandum
930 861 1011 939 est,
1046 850 1087 923 in
1122 849 1235 922 lineis
1267 849 1334 923 ΑΒ
1356 860 1396 924 et
1422 849 1510 926 A‘B‘
1539 848 1651 922 nobis
1681 872 1761 922 non
1791 857 1853 921 tot
1879 848 2122 947 splendentia
2146 861 2294 946 puncta

485 974 641 1063 offerri,
666 997 785 1069 quam
805 974 846 1046 in
862 974 974 1046 lineis
990 974 1057 1047 CD
1076 984 1114 1047 ot
1129 974 1237 1061 C'D'3
1263 973 1338 1047 hoo
1359 983 1442 1063 est,
1466 973 1535 1046 illa
1552 971 1685 1069 regio,
1706 995 1807 1068 quae
1823 974 1995 1047 medium
2013 975 2096 1047 iere
2108 982 2212 1048 tenet
2234 976 2292 1049 in·

484 1111 547 1172 ter
569 1097 728 1172 Saturni
754 1099 968 1194 marginem
999 1108 1037 1169 et
1057 1097 1193 1171 annuli
1215 1098 1515 1187 extremitatem,
1536 1096 1648 1170 nobis
1679 1097 1803 1172 multo
1823 1097 1995 1172 lueidIor
2015 1120 2206 1194 apparere
2228 1098 2296 1171 de-

485 1225 568 1313 bet,
594 1244 711 1318 quam
737 1223 844 1317 regio
864 1221 1040 1318 margine
1058 1221 1229 1295 Saturni.
1278 1220 1352 1293 Ille
1374 1221 1502 1317 major
1522 1221 1638 1294 unius
1656 1223 1733 1296 loci
1755 1223 1940 1320 splendor
1964 1224 2191 1321 apparebit,
2218 1225 2293 1319 qui

484 1351 567 1422 lere
599 1349 641 1420 in
670 1347 796 1421 medio
818 1349 978 1423 brachio
1010 1346 1145 1421 annuli
1174 1345 1329 1442 jaoeat,
1355 1368 1505 1441 semper
1531 1346 1661 1422 locum
1693 1348 1863 1437 habam,
1888 1349 2121 1421 rotationem
2149 1351 2291 1424 babeat

489 1475 655 1549 annulus
673 1497 742 1548 neo
761 1496 827 1564 ne,
854 1473 1037 1568 quoniam
1062 1474 1103 1545 in
1121 1471 1184 1543 ΟΒ
1207 1467 1267 1541 rel
1290 1469 1376 1543 G‘D‘
1394 1470 1606 1543 latissimus
1631 1471 1800 1568 ideoque
1823 1473 1941 1546 etiam
1967 1474 2203 1547 lucidisslme
2223 1501 2290 1572 ap-

481 1622 621 1695 parens
654 1597 762 1671 loeus
792 1609 930 1672 manet.
982 1596 1037 1671 Ut
1062 1596 1201 1669 melius
1228 1593 1358 1667 adhue
1386 1593 1670 1690 intelligamus,
1697 1596 1893 1693 quomodo
1921 1597 2134 1670 illuminati
2155 1600 2290 1672 annulli

479 1724 648 1800 latitudo
668 1722 759 1795 iude
780 1747 804 1795 a
820 1724 973 1820 planeta
999 1734 1165 1810 creseat,
1191 1742 1313 1818 porro
1348 1728 1512 1816 propter
1541 1721 1751 1818 utriusque
1774 1724 1908 1797 annuli
1940 1724 2148 1796 obscurum
2170 1723 2291 1797 inter·

481 1852 626 1924 rallum
652 1849 795 1922 iterum
814 1849 1009 1924 deoresmt
1024 1861 1062 1921 et
1079 1848 1220 1921 {deiude
1240 1858 1335 1919 tunc
1356 1868 1494 1917 rursus
1518 1858 1712 1921 accrescat
1732 1857 1772 1920 et
1792 1849 2013 1936 decrescat,
2038 1851 2289 1927 observemus

481 1979 646 2077 1³1⁶ng
678 1978 721 2050 in
752 1999 831 2072 qua
861 1977 912 2050 ab
942 1975 1141 2049 dimidiam
1183 1975 1299 2047 habet
1331 1972 1673 2068 magnitudinem,
1705 1975 1858 2048 ratione
1896 1975 2032 2047 habita
2067 1973 2291 2046 latitudiuis

478 2106 686 2198 utriusque
710 2100 846 2173 annuli
875 2101 1049 2197 partium
1078 2098 1299 2172 lucidarum
1334 2107 1567 2193 punctorum
1595 2101 1810 2196 jacentium
1840 2099 1881 2172 in
1903 2098 1988 2184 dB3
2014 2095 2067 2170 od
2083 2097 2290 2171 dimidiam

479 2230 595 2302 babet
618 2225 947 2322 magnitudinem,
975 2247 1091 2321 quam
1124 2224 1294 2297 latitudo
1313 2222 1486 2320 partium
1507 2223 1727 2298 lucidarum
1753 2227 1794 2299 in
1825 2223 1904 2311 CD,
1930 2223 2063 2296 eodem
2093 2219 2209 2293 modo
2230 2221 2288 2318 ga

478 2364 597 2448 atque
609 2353 653 2423 ile
674 2349 917 2422 latitudinem
934 2351 1167 2424 annulorum
1181 2349 1412 2435 ostendunt,
1437 2345 1615 2422 locorum
1632 2348 1710 2423 bue
1728 2348 2029 2445 pertinentium
2052 2356 2172 2441 ablue
2190 2345 2288 2439 figu-

478 2498 525 2548 ra
544 2500 648 2549 nuno
664 2473 852 2563 ostendit,
878 2470 1003 2570 quod,
1029 2474 1120 2547 lieet
1143 2474 1257 2546 nobis
1278 2472 1446 2546 annulus
1464 2473 1673 2569 appareat,
1697 2481 1745 2543 ut
1775 2472 1877 2546 linea
1906 2472 2109 2570 splendens
2131 2470 2195 2558 ul,
2220 2470 2288 2543 ille

471 2610 608 2671 tamen
638 2598 714 2671 ine
731 2600 859 2673 multo
880 2597 1145 2697 splendentior
1161 2598 1400 2699 apparitura
1417 2596 1487 2687 sit,
1513 2619 1628 2694 quam
1651 2595 1692 2669 in
1709 2594 1798 2668 aliis
1815 2593 1934 2685 loeis,
1958 2605 2078 2692 atque
2097 2595 2177 2668 ini
2196 2618 2286 2669 rur-

474 2742 541 2798 sus
565 2724 833 2822 splendentior
848 2746 964 2824 quam
986 2726 1075 2824 ing.

480 2886 484 2895 ·
520 2850 561 2924 Si
591 2872 686 2947 ergo
713 2874 982 2949 comparamus
1014 2852 1115 2925 hane
1149 2850 1475 2949 computationem
1510 2859 1747 2947 punctorum
1775 2845 1911 2922 annuli
1938 2847 2161 2925 lucidorum
2193 2872 2287 2925 eum

474 2978 809 3051 obseruationibus
832 2976 1074 3069 Sonndrner,
1111 2976 1328 3052 invenimus
1351 2998 1438 3049 eum
1474 2977 1515 3048 in
1546 2984 1660 3072 parte
1696 2973 1831 3047 annuli
1871 2972 2121 3055 oecidentali‚
2159 2978 2284 3075 splen·

472 3098 738 3174 dentissimum
766 3102 924 3178 luminis
961 3114 1149 3204 punctum
1175 3100 1287 3176 ualde
1309 3109 1491 3174 aoourate
1512 3100 1556 3171 in
1585 3122 1609 3171 e
1633 3097 1792 3187 vidisse,
1831 3105 1950 3194 atque
1984 3098 2102 3172 etiam
2136 3121 2162 3172 a
2189 3100 2283 3174 late-

471 3246 516 3296 re
547 3221 728 3297 orientali
759 3227 1134 3325 splendentissimum
1164 3232 1352 3322 punctum
1378 3222 1554 3320 proxime
1583 3244 1672 3298 eum
1699 3231 1845 3321 puncto
1866 3223 2123 3318 respondente
2137 3236 2170 3297 a
2188 3246 2279 3298 con·

469 3350 618 3434 t·euire;
644 3350 757 3445 atqui
785 3373 902 3425 eausa
928 3354 1141 3450 praecipua
1170 3349 1242 3423 tali
1273 3346 1389 3421 modo
1410 3346 1568 3422 videtur
1596 3350 1692 3422 bene
1713 3344 1897 3444 explicari
1917 3367 2037 3441 posse.
2092 3345 2143 3420 Ut
2161 3369 2280 3444 quae·

471 3472 561 3544 dam
590 3471 719 3544 adbuc
747 3470 968 3545 accedentia
997 3474 1249 3573 explieemns,
1273 3468 1464 3566 possimus
1498 3496 1693 3546 assumere
1721 3493 1881 3570 parvam
1911 3469 2025 3545 adse
2047 3471 2191 3546 habere
2208 3497 2281 3547 an-

468 3597 582 3671 nulos
609 3596 908 3671 inclinationem.
958 3595 998 3669 Si
1029 3596 1131 3670 enim
1155 3598 1248 3698 rig.
1273 3598 1321 3672 39
1358 3594 1462 3668 latus
1494 3595 1599 3669 HEG
1629 3595 1765 3670 annuli
1797 3594 2001 3669 exterioris
2031 3595 2277 3694 aliquatenus

467 3740 587 3819 supra
609 3721 745 3793 annuli
767 3720 926 3817 planum
936 3718 1051 3796 ΚΒΜ
1060 3723 1234 3820 jaceret,
1258 3722 1431 3822 primum
1444 3722 1485 3793 in
1502 3721 1683 3795 ultisnum
1702 3722 1914 3819 projiceret
1931 3721 2137 3817 umbram,
2162 3725 2275 3821 eujus

466 3848 609 3921 limites
626 3869 697 3945 per
713 3844 862 3919 lilel
876 3849 1045 3947 proponi
1064 3867 1284 3946 possemus,
1309 3872 1388 3946 quo
1411 3849 1542 3937 fieret,
1567 3857 1613 3920 ut
1632 3849 1761 3922 lumen
1784 3847 1947 3923 alterius
1962 3848 2115 3925 brachii
2136 3850 2274 3925 annuli

467 3974 677 4070 insigniter
704 3972 1002 4063 debilitaretur,
1036 3983 1166 4072 posset
1197 3998 1355 4072 quoque
1391 3997 1495 4049 unus
1523 3975 1709 4065 annulus,
1732 3973 1843 4070 quod
1868 3974 1920 4048 ad
1940 3975 2130 4065 alanus,
2155 3975 2272 4051 talem

465 4101 583 4173 situm
616 4123 840 4189 assumere,
874 4108 919 4173 ut
951 4098 1215 4198 phaenomena
1241 4099 1372 4177 adhue
1404 4101 1676 4198 perfectiorem
1711 4101 1933 4198 aeoiperent
1967 4098 2271 4197 explicationem.

466 4225 553 4323 Quo
574 4235 701 4297 autem
721 4228 965 4302 hortantum
986 4224 1276 4321 hypotheticum
1297 4233 1377 4316 est,
1402 4225 1467 4298 hio
1486 4225 1580 4298 satis
1597 4226 1649 4299 sit
1672 4226 1906 4318 ostendisse,
1930 4228 2030 4302 hane
2048 4218 2273 4323 explicatio·

464 4342 552 4426 nem
571 4347 619 4422 de
639 4351 851 4449 praecipuo
866 4351 1129 4448 phaenomeno
1149 4350 1306 4425 omuino
1330 4350 1576 4426 eommodum
1594 4368 1772 4425 eventum
1793 4352 1992 4450 praebere.

1290 4537 1322 4643 a
1373 4547 1432 4621 ιι.

507 4742 660 4839 Majore
689 4738 820 4812 adhue
851 4740 1099 4815 amaratione
1127 4737 1317 4829 diversas,
1345 4760 1445 4837 quas
1470 4738 1608 4817 annuli
1637 4740 1754 4820 facies
1779 4736 1967 4833 reflectit,
1998 4737 2264 4834 intensitates,

461 4868 676 4943 amasius
701 4862 753 4962 (1)
776 4864 1028 4964 computavit.
1077 4864 1194 4939 Hune
1221 4864 1264 4939 in
1289 4866 1424 4957 liberm
1459 4875 1670 4966 utramque
1700 4869 1907 4959 annuum,
1930 4880 2141 4966 omnesque
2162 4869 2267 4968 ipso·

471 5078 705 5113 ...ιι-..ιιι-

504 5189 552 5280 (1)
575 5188 675 5259 Δεῖν.
691 5184 823 5259 Naekr.
854 5189 894 5261 B.
915 5186 973 5258 xl.
990 5161 1064 5259 'No’
1086 5191 1163 5261 241.
1195 5211 1269 5281 pag.
1292 5192 1322 5263 1.
