4978 6160
1233 491 1542 605 ,⁸⁸16—

490 699 622 788 gentes
645 710 769 787 prope
787 688 1029 763 horizontem
1060 693 1290 786 vapores-et
1323 684 1375 758 ob
1401 682 1608 759 clariorem
1640 703 1811 756 aurorae
1833 682 1960 759 lucem
1988 701 2068 755 non
2092 678 2303 757 admodum

491 816 673 891 distincte
696 816 865 889 discerni
882 822 1050 912 possent.

539 941 651 1015 Auno
677 945 770 1018 1669
792 940 857 1014 (116
878 943 924 1015 12
938 938 1148 1014 Februarii
1173 938 1274 1012 hora
1302 944 1408 1009 sexte
1440 933 1653 1026 matutina,
1677 933 1882 1011 11666666
1918 957 2101 1009 ansarum
2135 938 2302 1011 sormam

490 1076 672 1139 accurate
692 1067 899 1140 observare
920 1076 1095 1163 poterat,
1119 1070 1167 1138 61
1186 1065 1228 1137 16
1248 1062 1341 1162 th.
1360 1064 1432 1148 263
1457 1083 1538 1157 qua
1562 1059 1692 1134 forma
1719 1063 1861 1137 mansit
1890 1061 2083 1134 Saturnus
2108 1063 2301 1159 usquead

488 1191 605 1265 finem
640 1190 789 1266 Martii.
837 1190 972 1263 Finem
1001 1202 1087 1266 tum
1122 1190 1215 1266 fecit
1240 1187 1446 1261 Hucnnrus
1476 1186 1824 1279 observationum,
1863 1196 1902 1259 61
1929 1211 2033 1262 nunc
2071 1186 2300 1286 Gryphium,

488 1341 604 1416 quem
626 1341 728 1392 auno
754 1319 848 1393 1656
869 1314 1069 1408 ediderat,
1093 1315 1213 1388 latius
1248 1312 1442 1410 explicare
1470 1334 1588 1386 ausus
1609 1323 1689 1387 est:
1727 1338 1828 1412 quae
1860 1313 2000 1388 literae
2032 1316 2196 1411 proprio
2225 1315 2302 1388 sin·

488 1443 603 1541 gulae
624 1443 710 1520 loco
729 1441 900 1542 positae,
924 1442 1025 1516 hanc
1045 1439 1368 1539 significationem
1386 1435 1598 1512 habebant:

483 1558 488 1567 ’
535 1568 699 1644 Annulo
719 1569 918 1666 mngilnr,
945 1571 1076 1660 tenni,
1100 1566 1244 1666 plano,
1269 1586 1473 1664 nnsqnom
1491 1563 1750 1658 cohaerente,
1773 1567 1832 1643 nol
1850 1565 2075 1665 eclipticam
2094 1564 2299 1639 inclinato.

1342 1786 1372 1887 §-
1413 1791 1469 1864 16.

533 1984 770 2081 Explienlie
789 1982 987 2072 Huonnn,
1013 1983 1064 2056 olo
1078 1984 1273 2080 phociles
1290 1985 1463 2074 annaeli,
1486 2008 1540 2057 ex
1561 1992 1706 2057 eventa
1724 1982 2044 2058 circinationem
2062 1980 2245 2073 eoolnla,

882 2131 961 2204 per
981 2115 1108 2182 lolam
1130 2107 1419 2182 revolutionem
1443 2109 1622 2187 Salerni
1641 2111 1752 2183 cirea
1773 2109 1905 2183 solem.

530 2328 790 2401 Transeamus
809 2327 861 2401 ad
882 2350 967 2401 eam
990 2327 1039 2399 dc
1059 2327 1238 2402 Hucnuto
1258 2325 1548 2427 disceptationis
1570 2342 1743 2428 portem,
1769 2355 1870 2429 quae
1890 2330 2184 2429 explicationem
2209 2327 2294 2423 ejus

486 2454 801 2528 observationum
820 2432 1004 2528 66611661.

532 2578 586 2678 (1)
611 2579 764 2653 Harum
787 2580 1102 2654 observationum
1120 2578 1256 2651 habita
1275 2584 1447 2672 ratione,
1472 2582 1668 2659 statuebat
1697 2579 1859 2676 planum
1880 2582 2016 2653 666611
2039 2605 2189 2679 semper
2211 2582 2296 2653 fere

486 2707 527 2779 16
551 2707 668 2803 plano
689 2705 913 2803 aequatoris
931 2716 1061 2781 terrae
1069 2705 1224 2803 jacere,
1250 2715 1289 2779 61
1310 2708 1367 2780 116
1384 2732 1473 2782 cum
1490 2703 1740 2804 6666162301
1761 2706 1813 2779 ad
1839 2707 2058 2804 eclipticam
2077 2704 2294 2795 inclinare,

481 2831 788 2927 quiallocnmus
806 2829 926 2905 variis
948 2828 1141 2904 methodis
1160 2829 1203 2901 iu
1215 2829 1439 2907 Srsrnnaru
1457 2835 1647 2910 81666166
1668 2833 1916 2921 memoratis,
1941 2831 2105 2928 putebat
2126 2852 2166 2903 66
2186 2851 2297 2926 repe-

483 2955 580 3029 risse
600 2957 789 3052 majorem
804 2978 911 3030 axem
933 2953 1096 3052 elliptioi
1116 2955 1251 3045 666611
1272 2960 1516 3056 semperlere
1536 2959 1780 3057 paralleliter
1797 2981 1837 3031 se
1859 2978 2037 3045 movere,
2061 2978 2151 3029 cum
2174 2954 2294 3052 plano

476 3081 706 3176 aequatoris
736 3082 953 3180 16666612).
1004 3081 1158 3157 Haucce
1190 3083 1363 3157 orbitam
1390 3084 1633 3182 proponebat
1661 3084 1790 3157 literis
1830 3082 1948 3170 AB&
1974 3083 2067 3180 Fig.
2090 3083 2157 3169 28,
2193 3100 2297 3152 cam-

482 3227 559 3298 que
578 3204 769 3281 Saturnus
787 3231 877 3282 cum
896 3208 1041 3284 666616
1059 3228 1131 3305 per
1146 3209 1195 3281 30
1214 3207 1297 3281 fere
1313 3229 1435 3280 annos
1452 3208 1715 3295 describebat3
1739 3217 1910 3280 statuens
1928 3206 1992 3278 EF
2021 3228 2101 3278 esse
2124 3208 2297 3279 orbitam

480 3338 612 3404 terrac
627 3332 669 3407 16
688 3332 823 3407 eodem
847 3332 964 3428 plano
986 3333 1123 3420 sitam,
1149 3339 1189 3402 et
1212 3330 1246 3401 G
1264 3328 1382 3403 solem
1405 3332 1448 3404 in
1470 3330 1599 3406 medio
1621 3332 1830 3429 utriusque
1851 3332 2009 3404 orbitae
2028 3330 2211 3427 positum.

530 3455 661 3555 Quum
680 3465 807 3531 autem
833 3456 1038 3531 Hecntuus
1058 3463 1268 3544 statueret,
1300 3464 1340 3527 et
1376 3455 1610 3548 Saturnum,
1647 3468 1685 3531 ct
1714 3457 1902 3531 annulum
1928 3457 2095 3528 obscura
2122 3478 2295 3555 corpora

476 3604 583 3670 esso,
609 3603 710 3677 quae
728 3581 860 3656 lumen
877 3581 985 3679 quod
1003 3580 1272 3670 reflectebant,
1294 3603 1322 3653 a
1341 3581 1422 3654 sole
1450 3584 1689 3679 acciperent3
1713 3582 1805 3656 indo
1828 3590 2016 3678 sequatur
2036 3602 2188 3654 necesse
2209 3596 2290 3677 est,

477 3707 669 3781 annulum
690 3707 812 3780 variis
838 3707 976 3782 formis
1006 3730 1031 3779 a
1058 3707 1172 3781 nobis
1192 3706 1383 3804 conspici,
1408 3708 1614 3802 quoniam,
1640 3710 1734 3782 dum
1770 3708 1961 3781 Saturnus
1991 3705 2160 3779 orbitam
2192 3710 2293 3786 ABG

473 3833 689 3924 describit,
713 3842 821 3907 terra
843 3833 978 3907 eodem
992 3832 1180 3930 temporis
1199 3833 1326 3928 spatio
1347 3832 1518 3907 orbitam
1535 3857 1645 3907 suem
1669 3833 1731 3906 EF
1753 3833 1835 3906 sere
1853 3829 2030 3927 trigesies
2049 3837 2263 3926 percurrit.
2345 3848 2347 3853 ⁴
2453 3886 2454 3909 t

492 3984 495 3989 ·
526 3959 708 4035 Existunt
730 3958 859 4057 primo
882 3959 925 4033 16
944 3960 1077 4033 orbita
1108 3959 1188 4031 duo
1213 3958 1324 4046 loca,
1350 3957 1426 4033 sibi
1451 3959 1613 4032 invicem
1649 3958 1848 4057 opposita3
1875 3957 1908 4029 Α
1942 3966 1980 4027 61
2010 3953 2059 4046 C,
2085 3958 2127 4030 in
2147 3961 2292 4055 quibus

480 4086 648 4158 6666166
667 4086 881 4160 latissimus
909 4093 1091 4183 apparet3
1116 4093 1156 4157 ct
1187 4083 1380 4158 Saturnus
1404 4083 1602 4156 latissimis
1629 4086 1732 4159 ansis
1756 4085 1972 4157 instructus
2003 4103 2082 4152 esse
2111 4084 2287 4162 videtur:

471 4210 912 4307 111166616666116111619
947 4232 1067 4305 quum
1088 4208 1268 4306 planum,
1294 4210 1402 4305 quod
1430 4232 1501 4306 per
1519 4219 1698 4285 centrum
1721 4220 1850 4282 terrae
1874 4216 1913 4278 ct
1944 4205 2102 4279 Saturni
2123 4213 2287 4306 transit,

483 4344 523 4408 et
540 4334 920 4434 perpendiculariter
952 4336 994 4410 in
1016 4336 1187 4409 orbitam
1208 4333 1368 4409 Saturni
1396 4335 1525 4443 eadit,
1550 4335 1708 4434 planum
1729 4332 1864 4410 666611
1883 4331 2001 4405 etiam
2023 4355 2112 4405 cum
2135 4339 2288 4434 angulis

479 4460 598 4537 rectis
620 4468 733 4535 secet.

480 4683 711 4707 m

525 4805 573 4892 (1)
597 4807 766 4887 11661116,
795 4806 910 4898 Opera
933 4807 974 4873 V
970 4813 1080 4890 oria,
1104 4811 1176 4878 Vol.
1196 4811 1241 4878 ΙΙ.
1266 4836 1338 4905 pop.
1357 4817 1420 4882 570
1438 4828 1470 4880 61
1492 4837 1558 4904 seq.

523 4916 572 5002 (2)
596 4915 648 4982 De
675 4939 758 4982 vera
794 4919 918 4984 enneli
945 4921 1173 4987 inclinatione
1196 4921 1320 4993 deinde
1348 4927 1498 4992 dicemus
1525 4934 1558 4990 ct
1585 4923 1794 5001 videbimus,
1824 4922 2005 4989 1166611166
2025 4924 2177 5008 primam
2208 4944 2281 4988 eam

475 5028 639 5091 minorem
661 5036 693 5092 el
713 5025 837 5094 deinde
855 5028 1020 5116 mojorem
1037 5034 1257 5135 assumsisse.
1303 5032 1488 5125 Sufficiant
1514 5033 1636 5101 locere
1661 5032 1711 5099 cd
1735 5032 1882 5099 11661616
1908 5032 2095 5119 opinionem
2121 5053 2144 5094 a
2159 5034 2285 5118 priori

471 5133 742 5226 intellgendum.
1814 5152 1818 5161 '
