4970 6164
1222 498 1544 581 ww...

535 687 747 763 Bmvitttis
768 706 906 780 eausa,
931 690 997 766 hio
1019 691 1258 767 nonaddmn
1297 692 1626 790 eomputatimosa
1652 686 1937 766 ,ιιιιιιιιιιιιιιιι
1959 680 2119 785 quidem
2142 683 2292 763 valam

487 812 573 910 ipse
587 813 829 911 computari,
852 830 953 909 quos
969 813 1100 890 inveni
1115 817 1285 913 perfecte
1301 839 1389 890 oum
1413 816 1483 906 iis,
1508 838 1608 914 quae
1629 813 1744 889 dame
1758 820 1893 902 erant,
1916 808 2134 893 marmiae

486 1006 492 1013 .
538 939 595 1014 Er
612 962 658 1013 ea
675 938 811 1013 tabula
826 938 1039 1035 perfectam
1056 958 1259 1037 possamus
1292 940 1466 1013 mneisoi
1499 938 1629 1013 ideam
1657 937 1706 1011 de
1728 933 2028 1034 phemomenim
2052 959 2154 1033 quoe
2168 958 2291 1017 ιιιιιιι-

485 1064 621 1139 lorum
644 1086 758 1137 ansae
777 1064 975 1160 praebent
1026 1061 1210 1139 Videmus
1238 1086 1397 1161 quoqne
1423 1067 1466 1139 in
1494 1082 1747 1159 uneqmque.
1764 1080 1859 1135 ensa
1890 1078 2040 1132 neeesse
2062 1082 2162 1152 esse,
2181 1074 2232 1138 ut
2250 1088 2291 1137 se

481 1190 571 1264 duo
588 1191 721 1265 lueida
736 1190 822 1262 loca
846 1187 1331 1294 emmeramensem
1362 1211 1517 1291 neanpe
1527 1185 1639 1265 valdo
1674 1183 1875 1282 splendens
1901 1192 2022 1285 atque
2045 1193 2222 1269 oximus
2251 1189 2293 1259 ιιι

491 1315 620 1387 medio
643 1316 725 1387 fere
749 1335 951 1401 ansarum3
975 1322 1094 1410 atque
1123 1334 1226 1383 unus
1251 1312 1456 1409 insigniter
1482 1312 1612 1386 minor
1631 1309 1904 1406 difficiliorque
1932 1309 2142 1397 distinata,
2170 1311 2292 1407 magis

492 1439 544 1510 ad
562 1462 695 1513 aarum
719 1437 834 1511 linem
892 1435 1024 1533 Quum
1055 1437 1156 1509 illud
1172 1438 1310 1544 quod
1313 1438 1464 1513 olerum
1496 1444 1680 1535 apparat,
1705 1434 1822 1515 ctiam
1845 1435 2028 1509 videaur
2046 1438 2172 1533 majus
2191 1461 2293 1519 esse,

491 1563 603 1639 facile
623 1563 710 1635 fieri
732 1571 880 1660 potest,
905 1570 951 1634 ut
974 1562 1034 1634 illi
1060 1562 1142 1635 duo
1164 1564 1322 1636 luntinis
1345 1565 1462 1654 nodi,
1486 1561 1680 1637 montium
1712 1560 1838 1633 instar
1865 1560 2106 1648 habeantur,
2130 1562 2297 1661 hinoque

492 1689 738 1763 Sonadreans
756 1690 827 1762 hos
850 1688 1009 1762 luminis
1032 1690 1156 1765 nodos
1176 1693 1250 1764 et
1238 1715 1279 1765 ιιι
1298 1700 1412 1788 parte
1432 1689 1569 1763 annuli
1592 1686 1766 1762 australi
1796 1685 1935 1760 iisdem
1967 1686 2084 1779 loeis,
2109 1691 2210 1764 etin
2227 1692 2296 1766 bo·

490 1811 590 1884 reali
607 1810 740 1884 videre
763 1813 937 1886 debebat.

539 1936 628 2010 Huo
648 1961 805 2035 quoque
824 1938 1112 2011 annotationem
1131 1938 1244 2012 addit
1274 1936 1517 2029 Onannsws,
1542 1938 1650 2013 illam
1683 1958 1819 2034 nempe
1841 1935 2062 2031 regularem
2084 1939 2297 2033 apparitio-

492 2085 580 2135 nem
603 2063 771 2136 duorum
796 2064 1018 2138 lucidorum
1037 2062 1195 2138 luminis
1219 2065 1418 2139 nodorum
1450 2067 1492 2138 in
1515 2088 1672 2162 quaque
1691 2087 1785 2137 ansa
1816 2084 2053 2159 supponere,
2078 2067 2211 2138 ambos
2230 2089 2296 2139 an·

491 2188 628 2277 nolae,
653 2190 695 2261 in
722 2191 902 2263 omnibus
930 2188 1010 2261 suis
1038 2191 1238 2284 partibus,
1262 2190 1305 2264 in
1334 2215 1412 2265 uno
1444 2193 1658 2288 eodemque
1679 2191 1797 2288 plano
1809 2187 1954 2286 jaeere.
2003 2188 2044 2260 Si
2067 2190 2297 2268 habeantad

491 2335 532 2411 se
556 2313 733 2408 exiguam
754 2314 1043 2387 inclinationem
1069 2313 1204 2385 annuli
1238 2312 1352 2412 (quae
1383 2318 1497 2391 valde
1532 2317 1764 2395 serosimilis
1785 2323 1864 2403 est,
1890 2313 2098 2408 quoniam,
2124 2314 2165 2387 in
2190 2337 2299 2413 reap-

493 2437 734 2543 paritionum
764 2439 900 2527 initio,
935 2432 1184 2510 occidentalis
1217 2460 1311 2511 ansa
1342 2436 1574 2538 plerumque
1611 2443 1734 2540 magis
1765 2438 1969 2545 perspicue
2012 2437 2299 2535 intensioreque

493 2560 640 2659 lumine
660 2585 778 2659 qnam
801 2559 1002 2634 orientalis
1014 2580 1054 2632 se
1069 2559 1277 2657 ostendit),
1303 2563 1467 2638 fortasse
1493 2575 1533 2639 et
1547 2567 1653 2664 ipsae
1671 2563 1887 2661 singulares
1906 2559 2145 2634 annulorum
2166 2575 2296 2662 partes

493 2706 573 2757 non
594 2684 637 2757 in
655 2708 734 2758 uno
752 2674 963 2780 eodemque
984 2681 1102 2782 plano
1119 2683 1273 2780 jacent3
1298 2694 1378 2785 qu'o
1402 2688 1469 2778 fit,
1493 2697 1541 2764 ut
1559 2689 1768 2786 pleraeque
1787 2684 2101 2783 irregularitates
2120 2680 2163 2762 in
2180 2689 2297 2786 phae-

493 2809 667 2881 nomenis
696 2830 818 2906 supra
848 2808 1072 2882 memoratis
1106 2820 1335 2892 oeeurrant,
1369 2810 1578 2907 praecipue
1608 2807 1766 2906 quando
1793 2816 1903 2882 terra
1937 2802 2000 2882 vel
2032 2810 2091 2885 sol
2121 2814 2298 2908 proxime

495 2932 632 3005 annuli
651 2933 767 3030 plano
790 2932 953 3007 aceedit.
983 2930 1032 3004 In
1050 2932 1185 3028 priore
1203 2954 1296 3009 casu
1306 2948 1443 3037 partes
1458 2938 1673 3012 anteriores
1687 2930 1832 3007 multas
1847 2929 2085 3006 interiorum
2099 2942 2298 3031 tegerent,

496 3057 669 3153 aliasque
698 3080 838 3154 magna
871 3078 942 3129 sua
971 3055 1409 3136 umbraobsmrarent.
1465 3059 1552 3136 Hoo
1583 3062 1714 3137 locum
1742 3055 1910 3130 habebat
1943 3078 2072 3130 mense
2097 3052 2302 3136 Deeembii

497 3183 591 3257 anni
612 3183 729 3270 1832,
754 3188 997 3278 quapropter
1003 3179 1174 3257 “luminis
1191 3180 1287 3257 nodi
1301 3185 1415 3260 initio
1431 3204 1471 3258 se
1486 3209 1566 3259 non
1582 3181 1856 3271 ostendebant,
1880 3190 1999 3277 atque
2019 3180 2174 3257 demum
2194 3185 2301 3260 dein·

499 3333 586 3407 oeps
613 3306 874 3405 apparelant,
909 3303 1075 3401 quando
1097 3304 1157 3377 sol
1189 3329 1229 3378 se
1255 3311 1380 3406 magis
1408 3308 1609 3407 magisque
1628 3308 1804 3383 elevabat
1829 3328 1950 3406 supra
1965 3306 2102 3382 annuli
2123 3308 2301 3406 plantum

499 3450 775 3529 quamquame
800 3438 910 3501 terra
940 3427 1046 3502 visae
1067 3450 1184 3502 ansae
1200 3430 1406 3525 eleriores,
1430 3430 1547 3507 simul
1564 3450 1658 3503 vero
1679 3435 1921 3530 angustiores
1942 3443 2188 3532 appararent.
2238 3435 2304 3510 Al·

500 3569 562 3629 ter
578 3556 728 3629 obtinet
746 3574 856 3627 ossus
885 3573 931 3624 eo
954 3561 1149 3650 tempore,
1175 3578 1255 3651 quo
1274 3580 1348 3655 par
1373 3558 1509 3633 annuli
1532 3552 1693 3649 planum
1722 3564 1834 3631 terra
1865 3557 2034 3646 transit,
2069 3558 2177 3653 quod
2203 3560 2305 3634 abti-

501 3678 590 3752 nuit
608 3676 735 3773 Aprili
755 3687 794 3749 et
809 3675 932 3750 Junio
959 3677 1153 3751 mensibus
1172 3682 1264 3755 anni
1291 3684 1395 3759 1833.
1441 3682 1522 3781 Qui
1553 3678 1683 3751 ultimi
1717 3682 1908 3756 transitus
1931 3682 2059 3756 multo
2083 3687 2304 3760 mintius

503 3825 618 3900 quam
644 3799 704 3873 illi
722 3801 911 3875 transitus
933 3798 1041 3900 plani
1055 3804 1194 3880 annuli
1214 3831 1287 3907 per
1306 3807 1428 3883 solem
1444 3804 1645 3880 observari
1657 3816 1837 3905 possm

1235 4026 1248 4161 5
1332 4029 1365 4128 s·
1416 4028 1475 4107 ¹2·
1596 4022 1604 4161 ;

551 4236 658 4348 Quid
695 4267 788 4319 vero
829 4245 971 4324 harum
1007 4254 1318 4329 memorabilium
1353 4253 1607 4353 epocharum·
1626 4247 1916 4326 observationes
1954 4252 2003 4326 de
2044 4250 2123 4326 illis
2160 4250 2305 4326 lucidis

503 4372 658 4475 punctis
686 4371 1106 4474 inaequalitatibusque
1143 4377 1389 4455 docuerunt?
1416 4380 1513 4453 ‘sine
1537 4376 1670 4451 ’dubio
1697 4385 2007 4472 expectaremus,
2042 4384 2207 4474 propter
2229 4376 2305 4450 exi·

503 4497 603 4571 mios
632 4516 868 4592 magnosque
892 4500 1112 4576 reflecteres
1142 4504 1489 4603 refractoreeque,
1507 4502 1650 4598 quibus
1664 4499 1852 4597 plurima
1889 4500 2088 4598 Ειιιραι
2127 4502 2303 4598 speoulae

501 4632 593 4699 sunt
618 4610 840 4718 praeditae,
861 4621 974 4697 litem
1000 4616 1305 4701 Rnascanmom·
1319 4627 1427 4700 inter
1450 4625 1788 4720 Scnndrsnuuque
1804 4634 1909 4699 nuno
1931 4626 2088 4701 omnino
2109 4626 2304 4702 aeouratis

502 4739 840 4820 observatiom'bus
873 4764 954 4817 esse
991 4745 1210 4823 diremtam.
1241 4752 1490 4826 ·Aeeuratae
1521 4748 1808 4823 observationes
1838 4750 1971 4848 quoad
2010 4752 2139 4828 minus
2169 4752 2303 4827 favens

504 4866 608 4942 aeris
626 4864 830 4962 temperies
853 4867 1021 4951 sinebat,
1047 4873 1433 4985 apraestantissimis
1450 4873 1552 4948 viris
1568 4873 1795 4964 institutae,
1818 4862 1939 4972 idque
1966 4875 2124 4981 optimis
2154 4874 2301 4949 instru-

507 4989 666 5080 mentis,
690 4996 795 5064 oerte
811 5014 890 5067 non
932 4992 1123 5080 defeoere3
1158 5016 1230 5068 nea
1242 5004 1386 5074 tomen
1418 4997 1555 5073 nobis·
1546 4997 1761 5147 gratulari
1785 5018 1999 5098 pessimius
2032 4998 2182 5073 felioem
2213 5019 2302 5072 eum

502 5123 701 5199 eventum,
733 5114 803 5212 qui
825 5112 1085 5218 expectandos
1098 5112 1248 5193 auisset,
1296 5150 1880 5177 ...........
1917 5174 1923 5184 ,
1979 5150 1997 5169 ι
