4978 6160
1234 512 1533 589 .„„,35„,

473 708 782 796 consentiebant,
815 728 895 778 non
924 715 1056 779 autem
1094 706 1373 781 conveniebant
1412 708 1581 782 flavam
1616 705 1930 795 observationes,
1962 729 2083 802 quae,
2120 717 2165 779 ut
2196 709 2287 800 ait,

475 838 617 911 docere
639 834 897 922 videbantur,
924 856 1107 907 ansarum
1129 833 1293 926 lineam,
1325 835 1410 909 fere
1435 835 1637 932 eclipticae
1663 830 1890 930 parallelum
1915 854 2006 905 esse
2055 833 2202 907 Deinde
2226 836 2287 909 di·

471 963 762 1059 cit,Hnsm1us
795 958 869 1057 (l):
908 958 1024 1031 »Esse
1051 969 1182 1033 autem
1205 961 1341 1035 annuli
1374 961 1535 1060 plnnmn
1556 961 1673 1059 plano
1701 960 1926 1054 aequatoris
1955 957 2187 1032 omnimodis
2216 983 2287 1058 pa·

470 1088 707 1176 »rallelum,
733 1087 806 1158 etsi
832 1085 1191 1178 observationibus,
1216 1111 1315 1184 quas
1332 1087 1502 1185 {quidem
1530 1084 1780 1184 expendimus
1806 1084 2015 1173 haetenus,
2039 1085 2197 1158 minime
2223 1110 2284 1160 re·

473 1214 768 1319 »pugnantibus
804 1220 976 1284 statuere
1004 1212 1147 1300 licuit3
1184 1215 1368 1310 exiguum
1397 1223 1527 1287 tamen
1555 1212 1655 1310 quid
1680 1212 1835 1301 deesse,
1869 1230 1949 1306 quo
1979 1211 2107 1283 minus
2126 1213 2285 1287 omnino

469 1364 491 1409 a
505 1342 701 1440 perfectus
725 1341 776 1408 sit
799 1359 936 1409 eorum
955 1339 1262 1434 parallelismus,
1287 1342 1365 1414 alia
1400 1340 1553 1413 ratione
1575 1337 1895 1438 deprehenditur.
1942 1335 2095 1408 Etenim
2120 1337 2153 1409 si
2168 1330 2282 1433 prorss

470 1490 566 1539 »sus
585 1468 689 1539 inter
710 1487 750 1537 se
777 1463 967 1559 parallela
998 1464 1129 1538 serent
1146 1477 1317 1563 utraque
1336 1469 1474 1565 plana,
1510 1473 1743 1562 sequeretur
1764 1472 1811 1535 ut
1836 1484 1926 1534 cnm
1950 1460 1992 1531 in
2018 1484 2080 1558 pr.
2111 1460 2154 1530 V
2174 1472 2212 1534 et
2233 1465 2279 1529 a:

466 1591 690 1664 »Saturnus
717 1599 981 1688 spectaretur,
1020 1592 1195 1664 omnium
1225 1595 1444 1669 arctissima
1474 1591 1611 1665 annuli
1632 1589 1802 1687 ellipsis,
1839 1596 1879 1659 et
1907 1587 2021 1682 quasi
2046 1595 2155 1659 recta
2174 1587 2278 1662 linea

465 1718 703 1823 »existeret,
728 1716 917 1789 latissima
941 1736 1034 1789 vero
1057 1716 1099 1787 in
1122 1741 1182 1813 pr.
1208 1720 1253 1791 ᾧ
1274 1730 1313 1792 et
1332 1718 1389 1797 tr.
1440 1719 1563 1816 Atqui
1588 1716 1849 1789 arctissimum
1877 1712 2013 1785 annuli
2034 1713 2214 1810 phasium
2237 1714 2279 1789 in

461 1841 715 1938 »312204112
738 1853 777 1914 et
801 1841 839 1914 ὶ(
860 1841 1001 1914 cadere
1022 1842 1258 1935 invenimus,
1284 1846 1401 1918 utin
1425 1844 1674 1941 sequentibus
1700 1840 2055 1927 demonstrabitur,
2080 1863 2126 1913 ac
2146 1841 2280 1938 proin·

465 1967 546 2040 »de
563 1967 791 2040 latissimam
808 1969 851 2040 in
873 1992 933 2064 gr.
955 1969 1025 2051 203
1046 1966 1089 2035 Π
1111 1977 1150 2038 et
1170 1971 1228 2040 θ.
1276 1969 1361 2045 Non
1384 1972 1511 2068 igitur
1531 1979 1662 2044 exacte
1680 1967 1870 2067 parallela
1900 1986 1980 2038 esse
2001 1965 2119 2062 plana
2141 1968 2276 2042 annuli

460 2084 536 2165 let
556 2094 781 2189 aequatoris
804 2093 896 2164 hino
930 2094 1083 2189 patuit,
1109 2093 1276 2191 ideoque
1305 2118 1377 2171 000
1408 2119 1561 2194 semper
1589 2118 1728 2168 revera
1748 2090 1999 2192 parallelum,
2022 2091 2114 2165 licet
2138 2091 2195 2165 ita
2221 2093 2277 2167 vi·

462 2219 655 2309 adeatur,
691 2241 870 2314 magnam
900 2218 1062 2293 Saturni
1098 2219 1336 2295 diametrum
1363 2222 1569 2317 aequaturi
1593 2221 1734 2296 circuli
1762 2221 1859 2299 fore.
1910 2217 2181 2316 ‘Quaesitoquc
2204 2240 2276 2317 per

461 2325 695 2442 {sphaerica
715 2344 936 2439 triangula,
961 2346 1107 2440 quibus
1130 2346 1172 2419 in
1190 2348 1286 2420 locis
1307 2357 1347 2422 et
1364 2348 1513 2445 quanta
1536 2349 1588 2420 sit
1607 2347 1773 2420 maxima
1791 2344 2016 2434 inclinatio,
2041 2345 2171 2418 inveni
2188 2367 2273 2419 eam

458 2476 550 2567 lgr.
576 2471 658 2561 1,8’.
706 2469 872 2568 Quando
904 2471 1098 2544 Saturnus
1130 2473 1172 2544 in
1199 2473 1612 2568 gr.25‚15'.110t÷>
1631 2481 1821 2548 versetur.
1870 2470 1955 2544 Tali
1987 2470 2175 2543 nimirum
2206 2493 2275 2543 an·

457 2618 479 2699 a
490 2596 605 2692 gulo,
631 2618 701 2670 nec
728 2617 902 2691 unquam
930 2598 1094 2693 majori,
1125 2620 1310 2672 ansarum
1337 2599 1442 2674 linea
1468 2600 1662 2675 circulum
1697 2597 1904 2695 aequatori
1932 2595 2164 2693 parallelum
2197 2619 2271 2694 per

458 2702 703 2793 »Saturnum
728 2730 994 2795 transeuntem
1020 2723 1069 2795 iis
1097 2723 1140 2796 in
1162 2725 1258 2799 locis
1279 2727 1548 2815 intersecabit3
1573 2726 1645 2824 qui
1676 2746 1767 2798 cum
1798 2725 1850 2798 sit
1878 2722 1975 2795 adeo
1999 2721 2177 2817 exiguus,
2203 2721 2269 2797 vix

456 2856 582 2942 »puto
604 2847 858 2920 observabilis
873 2849 972 2921 erit:
996 2848 1087 2921 aliis
1100 2859 1232 2923 autem
1254 2851 1351 2925 locis
1368 2852 1494 2926 multo
1513 2853 1654 2925 minus.
1703 2850 1800 2924 Nam
1828 2847 1967 2921 iisdem
1986 2846 2148 2943 quidem
2165 2868 2270 2941 quae

455 2971 706 3073 »quadrante
727 2972 886 3048 Zodiaoi
908 2975 1000 3048 inde
1021 2976 1183 3067 absunt,
1208 3001 1346 3076 nempe
1373 3003 1463 3054 cum
1493 3003 1553 3076 gr.
1577 2977 1707 3054 25.15'
1727 2976 1774 3055 1112
1797 2984 1867 3048 aut
1894 2975 1930 3049 Χ
1955 2974 2147 3047 Saturnus
2168 2970 2271 3043 obti-

455 3096 614 3187 »nebit,
638 3121 802 3194 prorsus
825 3102 1014 3198 parallela
1034 3105 1240 3198 aequatori
1255 3104 1390 3176 eadem
1407 3128 1590 3178 ansarum
1615 3102 1720 3174 linea
1738 3101 2011 3197 conspicietur.
2058 3097 2272 3195 Eclipticae

453 3244 581 3295 »vero
600 3225 800 3319 parallcla
819 3227 888 3301 liet
911 3229 1079 3301 Saturno
1102 3250 1161 3323 gr.
1180 3229 1248 3308 20»
1274 3229 1317 3297 Π
1336 3237 1407 3300 aut
1426 3233 1476 3291 θ
1494 3238 1667 3302 tenente:
1703 3226 1849 3322 quippe
1871 3246 1988 3320 quam
2022 3222 2065 3296 in
2081 3222 2177 3297 locis
2196 3247 2276 3321 per

454 3347 744 3443 »quadrantem
763 3351 905 3425 circuli
927 3353 1019 3427 inde
1041 3353 1295 3442 distantibus,
1320 3375 1458 3451 nempe
1477 3355 1519 3427 in
1535 3378 1595 3451 gr.
1618 3356 1685 3450 203
1708 3349 1757 3426 1112
1779 3360 1818 3423 01
1845 3349 1908 3439 Χ,
1933 3348 2099 3422 maximo
2122 3349 2267 3446 augule

456 3476 705 3548 »intersecat
754 3476 873 3551 Hunc
889 3489 1018 3551 autem
1038 3480 1247 3551 maximum
1268 3472 1553 3578 angulumque
1572 3482 1676 3555 linea
1694 3498 1879 3552 ansarum
1903 3473 2122 3571 eclipticam
2146 3477 2265 3549 inter·

457 3609 613 3689 aserai,
647 3623 727 3673 esse
760 3603 920 3677 circiter
944 3628 1006 3702 gr.
1030 3606 1098 3695 23}
1126 3606 1467 3680 observationibus
1495 3609 1588 3682 anni
1612 3608 1727 3694 1655,
1754 3604 1850 3678 1656
1867 3613 1907 3673 et
1932 3600 2028 3677 1657
2055 3603 2264 3697 apparuit,

454 3726 680 3823 »talemque
708 3729 759 3801 ad
799 3730 874 3804 ista
903 3732 1154 3830 supputanda
1185 3731 1457 3807 adsumsimus.
1504 3732 1686 3807 Fortasse
1706 3737 1860 3819 autem,
1885 3728 2002 3823 longo
2021 3726 2265 3800 saeculorum

453 3851 617 3950 »lapsn,
643 3853 783 3927 sensim
811 3857 942 3929 omnia
968 3858 1063 3931 haec
1077 3858 1167 3931 loca
1192 3858 1341 3932 mutari
1370 3861 1585 3957 continget,
1623 3856 1741 3931 simili
1771 3854 1942 3951 quodam
1970 3863 2080 3926 motu
2103 3853 2263 3928 Saturni

451 3978 639 4073 »globum
660 3979 872 4054 inclinante
890 3992 1013 4079 atque
1028 3983 1071 4056 in
1092 3981 1250 4057 Tellure
1275 3993 1412 4058 nostra
1434 3995 1492 4058 est
1514 3986 1567 4076 is,
1602 3982 1673 4082 qui
1696 3980 1983 4080 praecessiones
2000 3979 2264 4075 aequinoctio·

451 4125 570 4176 »rum
589 4102 723 4178 efficit:
747 4117 866 4204 atque
888 4109 945 4181 ita
963 4108 1143 4211 phasium
1161 4129 1319 4206 quoque
1341 4110 1515 4185 omnium
1531 4110 1618 4184 loca
1635 4107 1848 4181 transferri
1870 4128 2021 4181 necesse
2038 4104 2125 4177 erit.
2176 4102 2262 4177 Hoc

448 4230 572 4303 »verb
592 4250 672 4302 non
693 4239 772 4302 tam
796 4233 911 4307 facile
941 4222 984 4307 in
1018 4233 1183 4308 caeteris
1218 4233 1406 4331 phrasibus
1441 4261 1561 4335 qnam
1591 4235 1634 4311 in
1660 4234 1835 4310 rotunda
1861 4239 2050 4331 patescet,
2076 4230 2130 4304 ed
2147 4231 2262 4328 cujus

449 4353 829 4430 »considerationem
852 4358 1037 4456 deinceps
1050 4359 1294 4435 veniendum.
1307 4361 1331 4394 ’⁹

492 4481 643 4559 111021
669 4479 906 4578 Septembris
931 4487 1029 4562 1658
1055 4485 1260 4562 fleamus
1293 4485 1435 4564 Jorrm
1467 4486 1700 4563 Honmnrsn
1725 4480 1864 4560 scribit
1893 4476 1971 4579 (2),
1996 4479 2039 4554 in
2065 4504 2111 4556 eo
2136 4481 2255 4555 etiam

443 4607 653 4683 Harrmmr
686 4605 792 4700 falli,
827 4610 1036 4685 statuendo
1059 4633 1243 4688 ansarum
1272 4613 1528 4690 directionem
1554 4601 1687 4715 potius
1720 4606 1921 4707 ecliptieae
1945 4629 2066 4705 quam
2095 4606 2257 4704 quidem

441 4948 445 4957 ⁴
488 4949 536 5037 (ll
561 4950 728 5036 linernn,
758 4954 872 5046 Opera
895 4958 1042 5041 Vana,
1063 4979 1136 5050 paq.
1153 4952 1230 5031 sal.

441 5053 449 5069 ⁸
487 5058 536 5147 (2)
559 5062 746 5152 Epistola«
778 5063 868 5141 Onu.
891 5070 1064 5152 fluum,
1090 5068 1275 5142 namra.
1312 5067 1373 5143 ll0.
1394 5071 1449 5145 te.
1475 5063 1516 5144 11.
1533 5075 1567 5143 3.
1601 5091 1678 5161 pag.
1700 5070 1781 5142 111.
1812 5065 1861 5140 In
1889 5063 2108 5141 Bibliotheca
2133 5061 2248 5138 dead

441 5169 806 5268 lugdune-Balacro..
