4970 6164
1247 489 1553 568 ...1OE-

346 662 350 669 ⁸
486 708 574 763 nem
596 686 803 762 oonfirmat
821 684 951 761 adhue
977 683 1181 762 Mnemon
1211 681 1263 782 (1)
1295 685 1581 774 observatione,
1604 685 1812 761 nonnullos
1841 699 1978 782 nempe
2014 681 2100 756 dies
2127 683 2295 761 oriente·

485 812 561 886 lem
589 833 724 885 ansam
756 808 938 884 latiorem
967 814 1251 911 clarioremque
1280 807 1511 884 oooidentali
1537 830 1648 899 esse,
1688 819 1728 882 et
1751 819 1879 885 tamen
1910 809 2040 909 primo
2075 807 2287 908 disparere.

485 932 604 1035 Quod
623 936 708 1033 ipso
716 934 854 1032 judioe
872 935 1105 1013 Maemnms
1126 954 1333 1035 pemeram
1348 931 1537 1019 notationi
1555 933 1763 1027 tribuerat,

533 1058 588 1134 Ut
623 1060 716 1157 Gap.
739 1058 783 1135 V.
817 1082 904 1158 pag.
924 1064 994 1139 156
1007 1062 1200 1150 vidimus,
1234 1059 1371 1133 Kanna
1394 1057 1658 1155 quaestionem
1688 1061 1895 1158 proposuit
1920 1082 1980 1139 ,an
1999 1059 2293 1156 atmosphaerao

482 1185 656 1259 densitas
672 1182 804 1257 forsan
824 1207 942 1259 eausa
960 1207 1040 1259 esso
1064 1186 1204 1284 possit,
1230 1183 1338 1281 quod
1364 1182 1493 1256 minus
1511 1182 1644 1257 olarus
1672 1185 1723 1258 sit
1744 1184 1913 1259 anntalus
1934 1185 2106 1259 estesior
2131 1184 2295 1259 interio-

485 1308 548 1397 ri,
571 1306 865 1403 impediatque,
890 1309 1100 1404 quominus
1118 1309 1328 1384 divisiones
1349 1307 1391 1381 in
1411 1328 1458 1381 eo
1486 1326 1598 1403 saepe
1618 1329 1698 1399 non
1718 1310 1868 1406 possint
1887 1310 2101 1384 observarit

533 1431 709 1526 Denique
726 1430 858 1507 adhue
878 1434 1025 1507 mentio
1049 1433 1228 1507 facienda
1245 1443 1303 1506 est
1323 1432 1373 1506 do
1389 1431 1614 1507 manhaniaa
1640 1430 1805 1509 Nieoau
1827 1435 2104 1510 Hannaoum
2126 1435 2291 1533 expliea-

484 1558 590 1631 tione
612 1555 685 1652 (2);
710 1577 830 1652 quam
848 1556 1029 1652 praebet,
1053 1581 1273 1657 supponens
1290 1556 1478 1631 annulum
1500 1557 1739 1631 notatarium
1755 1560 1900 1633 habene
1918 1567 2092 1648 motum,
2127 1566 2167 1630 et
2189 1581 2291 1654 qnae

483 1682 540 1755 sio
561 1703 601 1754 se
619 1680 752 1754 habet:
783 1678 848 1751 »si
868 1678 950 1754 l’on
974 1706 1140 1781 suppose
1166 1692 1187 1759 a
1208 1684 1367 1780 present
1391 1702 1468 1779 que
1502 1680 1682 1756 l’annesu
1702 1683 1752 1756 de
1781 1685 1949 1759 Saturne
1978 1681 2052 1757 fait
2074 1702 2117 1753 sa
2138 1679 2293 1753 revolu-

483 1805 599 1880 »tion
613 1824 705 1879 aveo
720 1824 798 1879 une
814 1805 951 1878 vitasse
973 1806 1278 1904 proportionnee
1297 1808 1323 1879 a
1343 1804 1438 1879 celle
1465 1826 1557 1877 aveo
1588 1803 1757 1903 laquelle
1778 1832 1836 1883 ses
1866 1808 2048 1883 satellites
2075 1803 2162 1876 font
2181 1802 2290 1877 leurs

483 1931 777 2016 »revolutions,
800 1935 841 1998 et
858 1926 892 2000 si
910 1928 948 2000 le
972 1929 1104 2003 dessus
1132 1931 1182 2003 de
1203 1931 1402 2021 Pannona,
1428 1951 1480 2001 ou
1507 1949 1551 2001 oe
1571 1952 1648 2024 que
1673 1956 1772 2008 nous
1790 1957 1910 2009 avons
1925 1930 2079 2032 appelle
2099 1953 2168 2004 son
2200 1930 2290 2003 eote

420 2048 422 2053 ’
482 2054 661 2144 eminae,
686 2075 740 2127 ou
764 2053 994 2141 tranohant,
1018 2054 1116 2131 e'toit
1148 2056 1271 2130 ferme
1301 2055 1418 2128 d’une
1447 2056 1580 2150 aspice
1609 2055 1782 2133 deterre
1813 2069 1854 2133 et
1875 2057 2009 2142 d'eau3
2041 2054 2073 2126 il
2098 2063 2156 2127 est
2174 2054 2288 2127 indn-

483 2178 665 2254 »bitable
693 2200 771 2275 que
801 2179 948 2278 l’eauy
975 2179 1189 2255 oreuseroit
1210 2177 1308 2251 dans
1333 2178 1372 2251 le
1396 2178 1550 2269 miliani,
1574 2202 1723 2254 comme
1751 2206 1828 2256 une
1854 2185 1986 2280 espeoe
2022 2177 2072 2252 de
2100 2178 2224 2265 fosse,
2250 2187 2290 2250 et

482 2301 681 2399 »qu’ainsi
709 2323 752 2374 oe
783 2305 869 2376 eote
898 2304 1106 2379 tranohant
1126 2323 1226 2374 nous
1244 2300 1401 2374 detroit
1421 2305 1601 2398 paroitre
1627 2306 1826 2381 lumineux
1849 2304 1899 2378 de
1926 2304 2027 2377 deux
2047 2308 2173 2393 oooez,
2197 2324 2290 2375 aveo

482 2448 589 2501 »une
605 2422 731 2498 bande
748 2424 913 2503 obsoune
928 2428 1026 2502 dans
1045 2427 1082 2500 le
1100 2424 1261 2515 milieu,
1285 2424 1320 2498 si
1334 2444 1433 2496 nous
1455 2424 1590 2499 avions
1609 2425 1677 2502 des
1696 2430 1864 2507 lunettes
1879 2451 1982 2504 assez
1998 2428 2162 2525 longum
2180 2449 2285 2526 pour

481 2546 550 2622 sle
579 2546 803 2626 &matrim
816 2553 841 2641 ’ζ

1117 3277 1420 3390 alant
1492 3278 1625 3388 lllll.

925 3578 1145 3655 aulanam
1168 3579 1325 3637 mutus
1352 3580 1518 3636 mausus
1542 3580 1820 3636 consumas.

1322 3849 1355 3950 a.
1406 3856 1440 3930 1.

520 4046 577 4121 Ut
604 4048 696 4145 Gap.
715 4043 761 4127 t.
787 4053 978 4141 maianus,
1004 4048 1099 4122 satis
1130 4055 1283 4122 eertum
1310 4059 1386 4141 est,
1409 4044 1600 4125 annulum
1626 4071 1672 4125 ex
1709 4046 1883 4138 dnobus,
1907 4045 2002 4119 etsi
2036 4040 2195 4140 quidem
2223 4068 2283 4119 ses

471 4169 598 4241 riores
616 4170 903 4251 observationes
922 4173 1228 4262 confirmentur,
1252 4193 1298 4245 ex
1321 4172 1451 4247 tribus
1483 4176 1712 4273 pluribusve
1739 4169 1994 4246 oonoentriois
2014 4170 2170 4244 annulis
2189 4195 2281 4245 eon·

470 4302 602 4382 aaran
625 4318 799 4390 quornm
817 4300 1033 4390 crassities,
1058 4307 1279 4373 autemnam
1296 4298 1583 4374 dimensionum
1600 4297 1754 4373 ratione
1769 4295 1904 4370 habita
1929 4315 2054 4392 parva
2079 4302 2159 4380 est,
2185 4317 2281 4389 quo·

472 4438 641 4514 rumque
669 4428 801 4497 autem
834 4426 1037 4514 volumen,
1059 4422 1112 4501 ad
1135 4422 1340 4496 minimam
1362 4432 1555 4515 sumtum,
1582 4422 1683 4496 illud
1706 4430 1842 4495 terrae
1865 4417 2075 4517 quinquies
2109 4426 2279 4513 superat.

516 4547 759 4646 Quibusnam
782 4557 915 4623 autem
940 4549 1093 4623 uiribus
1121 4546 1388 4645 magnaeillae
1406 4545 1527 4621 moles
1545 4547 1653 4621 eirca
1679 4543 1892 4642 planetam,
1915 4542 2006 4643 plns
2033 4561 2149 4636 quam
2183 4540 2280 4613 0000

468 4672 700 4747 milliarium
734 4671 1088 4770 geographioorum
1135 4668 1345 4763 distantia,
1381 4672 1485 4745 inter
1530 4692 1570 4744 se
1599 4670 1879 4745 eontinentur?
1938 4666 2025 4742 Hoc
2053 4673 2162 4738 oerto
2190 4662 2279 4737 lieri

487 4868 706 4892 ——n—

520 5008 568 5093 (1)
597 5007 775 5102 Kronogr.
795 5010 965 5101 fragm„
991 5007 1052 5078 Th.
1070 5011 1098 5078 l.
1129 5036 1201 5103 paq.
1220 5015 1297 5081 260.

516 5119 565 5205 (2)
590 5118 709 5207 lissey
730 5120 772 5184 de
788 5119 1020 5210 Musamque,
1044 5120 1131 5186 Paris
1155 5119 1364 5190 uacauit.
1385 5142 1458 5211 pag.
1483 5120 1559 5189 188·
