4978 6160
216 2474 285 2550 Est
307 2483 437 2547 autem
460 2470 557 2547 haec
572 2471 741 2570 ellipsis,
765 2472 939 2569 subque
962 2474 1093 2551 forma
1113 2470 1307 2549 circuitus
1321 2490 1514 2568 apparens
1535 2469 1675 2545 annuli
1692 2470 1972 2549 circuiiiormis
1995 2494 2039 2550 se

223 2600 336 2675 nobis
359 2596 541 2673 ostendit.
590 2595 762 2696 Propter
787 2620 968 2694 maguam
1002 2596 1227 2673 distantiam
1256 2594 1418 2670 Saturni
1436 2593 1488 2668 ed
1508 2604 1679 2686 terram,
1713 2597 1827 2671 nobis
1854 2600 2037 2673 ridemur

222 2748 353 2800 omnes
386 2721 523 2800 annuli
551 2732 683 2820 partes
709 2724 845 2798 eodem
879 2722 1067 2801 distantia
1098 2743 1257 2817 unoque
1291 2721 1411 2820 plano
1443 2704 1691 2818 conspicere,
1732 2722 1842 2817 quod
1870 2746 2036 2824 pamen-

221 2849 456 2925 diculariter
486 2848 656 2945 erigitur
688 2850 731 2923 in
758 2849 883 2940 linea,
907 2874 953 2924 ex
979 2858 1116 2923 nostro
1139 2847 1255 2922 oculo
1279 2845 1332 2919 ad
1362 2845 1500 2921 annuli
1526 2855 1704 2920 centrum
1735 2844 1885 2936 duem,
1909 2872 2035 2947 acque

217 2997 264 3049 ac
287 2974 417 3049 locum
436 2974 554 3046 habet
571 2982 750 3070 respectu
773 2972 865 3046 solis
893 2983 933 3048 et
949 2974 1086 3064 lunae,
1111 2992 1214 3070 quae
1238 2971 1471 3046 haberemus
1502 2970 1630 3044 discos
1654 2970 1849 3046 rotundos
1878 2958 2032 3073 planos-

218 3120 315 3196 que,
339 3098 415 3171 nisi
432 3097 545 3170 nobis
570 3117 798 3194 persuasum
822 3109 920 3173 esset
942 3100 993 3172 de
1015 3099 1100 3197 ejus
1116 3098 1247 3172 forma
1270 3098 1484 3196 sphaerico.
1532 3093 1642 3168 Haec
1670 3104 1729 3168 est
1750 3098 1869 3173 ctiam
1892 3122 2031 3185 cansa,

216 3246 340 3320 quare
377 3221 487 3296 illam
518 3218 655 3296 annuli
682 3233 858 3320 partem,
892 3247 994 3322 quae
1029 3233 1119 3297 ente
1139 3222 1320 3320 planetae
1346 3223 1500 3299 discum
1519 3220 1745 3318 mpcmtur,
1767 3246 1848 3301 uon
1870 3227 2031 3324 abipso

214 3349 372 3447 planete
405 3345 628 3421 discernere
654 3349 870 3447 possimus,
907 3347 1257 3445 tantummodoque
1283 3348 1384 3422 duas
1419 3356 1553 3446 partes
1579 3346 1812 3441 mtenoms,
1847 3372 1950 3446 quae
1976 3355 2030 3425 ab

214 3483 385 3568 utraque
403 3482 518 3570 parte
534 3454 723 3569 'planetae
743 3475 936 3565 eminent,
962 3473 1069 3548 clare
1100 3473 1293 3570 possimus
1321 3474 1550 3564 obseruare,
1574 3492 1755 3570 quaeque
1765 3474 1918 3549 formae
1937 3499 2029 3551 cau-

214 3622 279 3678 sa.
306 3599 378 3672 sub
396 3620 475 3695 qna
490 3598 603 3672 nobis
626 3623 907 3698 nonnunquam
924 3607 1138 3697 apparent,
1161 3621 1279 3674 ansae
1299 3599 1565 3674 nominantur.

262 3724 386 3799 Cedat
404 3746 528 3822 porro
557 3724 600 3799 in
632 3725 763 3824 figura
789 3724 967 3825 apposita
985 3747 1032 3797 ex
1058 3722 1094 3800 0
1113 3725 1155 3799 in
1176 3725 1336 3824 planum
1362 3726 1642 3825 prolongatum
1659 3724 1804 3803 circuli
1812 3725 1922 3814 ‘linea
1937 3751 2031 3826 pem

209 3850 420 3949 pendicula
437 3845 526 3941 OF,
550 3849 815 3949 ducamusque
850 3850 1030 3950 deinceps
1060 3849 1202 3949 lineam
1233 3851 1320 3942 FC,
1344 3873 1447 3948 quae
1473 3848 1616 3925 circuli
1644 3850 1963 3927 circumferentia
1979 3853 2024 3928 in

209 3975 242 4051 E
262 3984 464 4067 occurret,
488 3984 528 4050 et
547 3975 783 4052 diametrum
803 3978 877 4054 ΑΒ
888 3986 989 4051 secet
1012 3977 1085 4051 sub
1107 3979 1251 4077 anorrnlo
1269 3987 1389 4053 recto.
1439 3975 1549 4050 Tunc
1567 3973 1671 4050 oon
1688 4003 1732 4048 =
1757 3975 1845 4050 nce
1860 4001 1907 4044 =
1929 3977 2021 4055 13:

209 4101 454 4177 inclinationi
483 4098 590 4177 rodii
618 4103 778 4178 visionis
797 4102 865 4180 00
887 4104 932 4178 in
965 4125 1060 4177 arca
1083 4104 1224 4180 circuli
1247 4100 1371 4195 AER,
1395 4111 1466 4177 mat
1490 4101 1656 4176 elevatio
1677 4101 1784 4176 oculi
1804 4123 1928 4199 snpra
1944 4103 2023 4178 hoc

210 4226 394 4324 planum,
417 4237 458 4302 et
477 4251 600 4327 quum
618 4229 723 4305 linea
738 4230 807 4305 Aa
837 4229 1220 4329 perpendiculariter
1245 4230 1377 4329 posita
1393 4237 1452 4302 cst
1474 4226 1521 4301 in
1547 4225 1655 4301 linco
1679 4227 1878 4301 communi
1898 4229 2023 4303 inter*

211 4352 389 4427 sectionis
422 4353 504 4448 ΕΟ,
537 4353 747 4454 planonun
777 4352 878 4430 EOF
909 4364 950 4428 et
974 4355 1097 4447 unu,
1129 4377 1232 4454 quae
1257 4376 1422 4453 quoque
1446 4349 1829 4450 perpendiculariter
1846 4354 1954 4428 inter
1978 4378 2025 4429 se

210 4469 374 4552 invicem
397 4490 549 4556 erectae
568 4491 680 4572 sunt,
703 4479 913 4577 igiturque
921 4482 1040 4557 etiam
1067 4479 1448 4581 perpendiculariter
1462 4486 1597 4553 macta
1612 4485 1673 4554 cst
1691 4477 1736 4554 in
1752 4478 1873 4578 plano
1893 4478 1995 4557 Eoi
2004 4534 2022 4572 ,

210 4602 466 4703 sequiturque
487 4605 589 4683 cci
607 4617 648 4683 et
670 4604 772 4683 occ
788 4626 869 4680 esse
883 4607 1050 4706 arrguios
1067 4616 1211 4684 rectos

1064 4802 1098 4905 ς.
1131 4806 1169 4882 s.

249 4989 349 5071 Bror
381 4998 524 5075 merito
543 4998 617 5096 ,hic
646 5000 827 5078 observat
850 4998 925 5107 (Ι),
949 4998 1021 5076 nos
1048 4993 1183 5100 primo
1211 4992 1300 5074 loco
1326 4995 1581 5090 concludere,
1615 4997 1799 5099 cilimeos
1826 5006 2010 5074 centrum
2039 5012 2050 5035 ·

218 5142 410 5166 m

251 5222 300 5313 (l)
321 5223 406 5297 litor
417 5276 428 5311 ,
453 5222 577 5303 rmus
600 5233 820 5303 stemmata
835 5230 1091 5308 &Ammonis
1106 5182 1308 5327 Phttfffi
1332 5233 1426 5306 Tem.
1448 5226 1644 5324 tufeio.
1661 5228 1740 5301 tn.
1759 5252 1838 5323 pff.
1855 5232 1916 5300 st.
