4970 6164
1174 560 1261 596 ..--
1296 524 1385 605 ‘202
1433 566 1505 593 ..-

1286 783 1338 899 ι,
1366 792 1404 865 s.

480 980 628 1059 Annuli
647 981 882 1057 rotationem
901 978 1008 1055 eirca
1030 1002 1139 1054 arem
1162 1006 1278 1057 suum
1294 983 1425 1082 primo
1447 981 1535 1059 loeo
1553 990 1761 1082 ponentes3
1785 982 1877 1058 lieet
1895 991 2115 1057 statuamus
2134 1004 2257 1058 aunu-

430 1112 514 1187 lum
534 1134 581 1187 er
600 1106 764 1187 materie
780 1107 923 1201 parum
945 1104 1178 1189 cohaerente
1197 1118 1396 1201 constare,
1413 1108 1569 1207 liquido
1591 1106 1703 1183 verbi
1721 1128 1861 1195 oausa3
1886 1105 1976 1180 talis
1992 1117 2123 1183 tamen
2137 1108 2257 1207 liqui·

431 1234 475 1308 di
494 1233 776 1332 aequilibrium
802 1225 933 1302 adhuc
959 1231 1170 1307 consistere
1191 1244 1349 1333 perget,
1375 1234 1506 1333 inquit
1534 1256 1583 1310 m
1605 1231 1735 1307 Parca
1749 1232 1820 1327 (l),
1844 1258 2084 1332 quamquam
2097 1234 2253 1332 ellipsin

430 1379 695 1456 supponamus
728 1354 1034 1452 generatricem,
1058 1357 1289 1432 variabilem
1317 1357 1588 1455 magnitudine
1616 1365 1657 1429 et
1691 1358 1791 1447 situ,
1825 1358 2095 1458 circuitusque
2128 1381 2254 1432 aunu-

428 1483 717 1571 liextensione3
741 1482 859 1557 modo
884 1482 963 1556 siut
985 1484 1059 1557 hae
1093 1483 1330 1559 variationes
1360 1464 1441 1557 non
1470 1482 1686 1573 sensibiles,
1711 1479 1788 1554 nisi
1807 1480 2004 1556 distantiis
2027 1483 2151 1557 multo
2170 1506 2253 1555 ma-

420 1606 603 1704 joribus,
640 1629 760 1702 quam
788 1609 871 1681 axis
902 1607 1084 1681 sectionis
1110 1608 1379 1705 generatricis.
1440 1605 1504 1682 Sic
1534 1605 1629 1705 poni
1664 1604 1835 1678 annulus
1873 1616 2001 1704 petest
2029 1607 2251 1705 irregulare

428 1720 576 1830 eor'pus
598 1754 698 1823 esse,
723 1731 839 1828 cujus
864 1730 998 1804 variae
1025 1739 1160 1828 partes
1182 1730 1427 1828 inaequalem
1455 1730 1624 1805 habeant
1654 1730 1905 1805 latitudinem
1937 1732 2252 1807 crassitudinem·

427 1881 526 1956 que3
571 1857 730 1931 omnino
777 1852 938 1952 quidem
975 1876 1122 1952 ponere
1169 1878 1375 1954 possumus
1416 1854 1613 1953 duplicem
1658 1876 1739 1927 esse
1786 1854 1933 1929 annulo
1980 1867 2250 1933 curvaturam.

425 1982 524 2058 Illae
547 1983 590 2057 in
615 1982 763 2073 annulo
788 1980 1088 2077 inaequalitates
1105 2004 1246 2055 revera
1266 1982 1408 2074 etiam,
1435 1992 1482 2057 ut
1501 1981 1763 2071 ostendimus,
1788 1981 2125 2057 observationibus
2142 2008 2250 2060 mon·

426 2120 619 2186 strantur.
670 2107 756 2185 lmo
780 2108 1251 2206 exigunturneoessario,
1276 2110 1387 2183 utin
1407 2107 1644 2206 aequilibrio
1671 2108 1820 2183 circum
1851 2109 2050 2207 planetam
2080 2112 2249 2187 annulus

425 2248 626 2325 tenentum
652 2235 687 2310 si
714 2235 818 2308 enim
841 2235 883 2306 in
921 2232 1101 2309 omuibus
1134 2235 1217 2308 suis
1237 2236 1420 2333 partibus
1454 2234 1625 2331 perfecte
1643 2235 1854 2309 uniformis
1872 2236 1998 2331 iuret,
2024 2238 2186 2312 minima
2208 2239 2249 2311 ri

424 2366 511 2462 ejus
530 2359 811 2460 aequilibrium
830 2359 1163 2455 perturbaretur,
1187 2358 1267 2432 imo
1285 2360 1445 2456 quidem
1479 2359 1657 2433 satellitis
1687 2359 1856 2458 aliqu'us
1888 2362 2076 2437 attractio
2103 2363 2250 2438 suffice·

424 2499 511 2579 ret,
547 2497 595 2561 ut
626 2483 935 2587 perturbaretur
974 2483 1278 2583 aequilibrium,
1313 2485 1605 2582 tandemque
1591 2511 1634 2561 m
1665 2487 1862 2585 planetam
1900 2486 2146 2564 dilaberetur
2178 2513 2248 2564 an·

423 2617 554 2692 nulus,

472 2739 590 2816 Omni
612 2760 707 2836 ergo
731 2736 828 2835 jure
849 2732 1051 2834 ponimus,
1076 2700 1262 2828 annulos,
1286 2735 1432 2833 quibus
1453 2731 1638 2833 cingatur
1664 2733 1881 2832 Saturnus,
1915 2736 2052 2815 solidis
2077 2748 2117 2811 et
2144 2739 2249 2812 irre·

422 2866 632 2966 gularibus
665 2870 845 2937 constare
869 2861 1127 2954 corporibus,
1165 2860 1383 2959 inaequalis
1417 2858 1639 2934 latitudinis
1666 2865 2018 2963 crassitudinisque
2048 2864 2091 2938 in
2118 2867 2243 2941 variis

421 2992 612 3068 circuitus
638 2987 701 3061 sui
723 2983 904 3084 punctim
928 2984 986 3059 ita
1016 2998 1064 3062 ut
1093 3011 1231 3063 eorum
1261 2995 1398 3061 centra
1416 2974 1626 3081 gravitatis
1643 3010 1723 3061 non
1745 2989 1968 3065 coincidunt
1996 3010 2086 3063 cum
2105 3010 2245 3063 eorum

422 3115 569 3194 centris
590 3113 755 3211 figurae.
805 3107 976 3184 Possunt
1003 3109 1073 3183 illa
1100 3124 1235 3186 centra
1269 3108 1477 3208 gravitatis
1501 3110 1744 3186 considerari
1771 3122 1819 3186 ut
1850 3112 2016 3186 totidem
2037 3113 2247 3205 satellites,

421 3245 493 3342 qni
509 3264 550 3316 se
569 3244 754 3316 moveant
774 3234 882 3309 eirca
898 3233 1060 3310 Saturni
1080 3247 1260 3312 centrum
1278 3239 1321 3311 iu
1349 3235 1569 3325 distantiis,
1593 3259 1696 3333 quae
1724 3235 1967 3336 dependeant
1996 3240 2047 3312 ab
2081 3240 2245 3313 annulo·

419 3392 510 3444 rum
538 3360 907 3462 inaequalitatibus,
942 3370 1062 3458 atque
1093 3384 1183 3435 cum
1211 3359 1468 3459 angularibus
1498 3360 1785 3455 eeleritatibuS,
1818 3385 1920 3462 quae
1945 3366 2128 3465 ammes
2151 3378 2244 3447 sunt

419 3491 630 3566 rotationis
652 3485 925 3563 eeleritatibus
942 3485 1181 3562 annulorum
1200 3509 1361 3561 suorum
1381 3492 1626 3558 mutuorum.

467 3612 626 3687 Necesse
641 3621 722 3703 est,
746 3618 794 3683 ut
813 3609 1011 3705 etpuutuis
1029 3610 1424 3687 suisattraetionibus
1454 3615 1495 3679 et
1513 3607 1636 3705 ipsius
1658 3610 1778 3702 Solis,
1803 3634 1875 3688 uec
1897 3611 2025 3688 minus
2045 3636 2071 3686 a
2094 3623 2241 3712 septem

418 3736 653 3813 mtellitibus
675 3734 918 3834 perturbati,
942 3728 985 3808 hi
1015 3735 1153 3809 annuli
1177 3736 1399 3830 frequentes
1428 3732 1536 3807 circa
1564 3732 1726 3811 Saturni
1744 3744 1946 3828 centrum,
1979 3737 2241 3814 oscillationes

415 3863 587 3954 faciant,
607 3871 728 3959 atque
752 3856 810 3933 ita
832 3858 932 3935 lucis
948 3860 1216 3960 phaenomena
1234 3856 1477 3958 producant,
1503 3882 1676 3956 quorum
1691 3860 1880 3960 periodus
1903 3860 2111 3960 permultis
2126 3862 2241 3937 annis

417 3985 658 4061 absolvatur.
708 3984 892 4084 Cogitare
913 4009 1112 4086 possemus
1135 3987 1207 4063 hos
1231 3985 1418 4072 annulos,
1442 3992 1504 4057 tot
1525 3994 1684 4083 tamque
1702 3986 1825 4062 variis
1847 3986 2002 4062 viribus
2020 3985 2240 4084 subjectos,

418 4112 596 4189 desinere
624 4108 767 4185 debere
792 4132 834 4185 se
864 4109 907 4184 iu
932 4110 1069 4188 eodem
1102 4135 1261 4189 morere
1281 4111 1419 4209 plan03
1442 4129 1565 4205 quum
1595 4114 1727 4183 autem
1753 4112 1861 4187 celer
1878 4108 2089 4186 rotationis
2110 4118 2242 4183 motus

416 4232 588 4313 Satm'no
609 4234 680 4324 sit,
704 4231 946 4331 planumque
966 4237 1193 4335 sequuturis
1221 4237 1305 4334 ejus
1333 4257 1424 4311 cum
1447 4254 1494 4307 eo
1521 4232 1704 4332 priorum
1735 4239 1801 4311 ser
1835 4235 2072 4327 satellitum,
2098 4234 2238 4334 ipsius·

416 4381 494 4456 que
514 4356 651 4434 annuli
670 4357 788 4457 plano
809 4357 1030 4450 coincidet,
1065 4358 1154 4436 ideo
1178 4361 1338 4435 Saturni
1367 4359 1473 4435 actio
1498 4380 1669 4457 ooqtora
1709 4359 1781 4435 illa
1810 4359 1897 4435 fere
1917 4359 1959 4434 iu
1999 4359 2082 4434 suis
2113 4359 2238 4435 contl-

414 4493 482 4561 net
503 4476 642 4584 planis.
699 4480 801 4556 Solis
831 4479 1064 4581 septimique
1088 4485 1268 4561 satellitis
1294 4487 1400 4561 aetio
1429 4484 1721 4567 inclinationem
1745 4484 1937 4562 dumtaxat
1960 4482 2069 4584 plani
2093 4505 2236 4581 aequa·

414 4609 516 4683 toris
546 4608 708 4683 Santrni
724 4617 876 4701 mutat,
901 4606 972 4707 qui
986 4606 1030 4683 in
1052 4631 1124 4685 sno
1146 4611 1205 4686 ita
1224 4621 1377 4688 munte
1396 4621 1509 4690 motu
1533 4612 1721 4707 annulos,
1751 4622 1800 4691 ut
1827 4621 1867 4691 ct
1884 4634 1950 4689 aex
1976 4609 2159 4783 priorum
2177 4629 2235 4683 aa·

413 4728 584 4807 tellitum
599 4731 751 4808 orbitas
773 4753 903 4809 secum
922 4732 1061 4811 trahit.

414 4940 667 4966 m

458 5084 506 5175 (1)
531 5083 745 5180 reponam
759 5087 811 5163 ,du
829 5091 977 5182 syrtim
995 5086 1043 5158 da
1063 5078 1212 5173 Medo,
1234 5112 1309 5186 pag.
1334 5060 1414 5164 lbi.
1527 5060 1531 5067 ⁵
