4970 6164
949 500 1271 581 ...233-

200 706 344 796 traque
363 696 543 795 planetae
561 695 605 769 in
626 695 843 787 annulum,
869 716 987 795 quam
1009 709 1126 774 antea
1151 709 1428 798 argumentum
1454 699 1652 775 habebant
1670 694 1884 775 soliditatis
1900 716 2041 793 corpo·

201 827 321 915 ralis,
346 825 423 924 ipsi
443 824 721 898 documentum
742 844 836 896 suae
855 823 957 898 thesi
977 828 1164 924 praebet,
1189 838 1312 925 atque
1339 825 1509 924 proinde
1528 827 1664 915 affert,
1690 826 1734 900 in
1753 834 1891 899 nostra
1910 831 2041 911 terra,

200 954 272 1027 ubi
291 952 392 1026 lucis
416 949 556 1024 solaris
585 948 791 1023 intensitas
814 952 959 1025 centies
990 952 1074 1029 fere
1099 955 1228 1051 major
1253 962 1332 1044 est,
1365 954 1533 1028 nubium
1566 961 1759 1042 stratum,
1784 960 1939 1026 tantum
1967 950 2041 1025 600

202 1080 262 1169 vel
298 1081 395 1153 1000
426 1076 572 1174 pedum
600 1073 894 1166 crassitudinis,
931 1076 1087 1169 valere,
1125 1088 1172 1153 ut
1202 1078 1311 1154 radii
1341 1079 1489 1153 solares
1518 1080 1729 1155 maximam
1760 1090 1915 1178 partem
1946 1076 2043 1150 reti·

203 1218 393 1294 ceantur,
419 1204 478 1277 ita
498 1212 545 1277 ut
564 1203 755 1299 insignem
785 1202 968 1276 umbram
993 1204 1203 1303 projiciat,
1236 1215 1388 1303 quanto
1409 1206 1535 1304 magis
1555 1207 1723 1280 nubium
1751 1227 1914 1295 murus,
1939 1225 2044 1276 eras·

204 1332 389 1408 situdinis
401 1328 454 1403 ad
471 1329 679 1402 minimum
698 1326 827 1402 socias
854 1330 1037 1428 majoris,
1062 1332 1106 1405 id
1123 1332 1273 1408 efficere
1295 1333 1455 1409 valeret.
1506 1331 1692 1407 Planetae
1712 1333 1916 1420 umbram,
1942 1350 2045 1427 quae

205 1461 249 1537 in
269 1458 460 1533 annulum
480 1455 607 1546 cadit,
623 1462 828 1551 comparat
847 1477 936 1530 cum
961 1480 1222 1556 personarum
1242 1460 1361 1534 inita
1381 1460 1500 1534 dictis
1522 1458 1716 1558 paridolis
1745 1453 2043 1555 (ramuldo)

205 1590 370 1678 umbra,
398 1603 501 1684 quae
521 1582 565 1656 in
585 1580 785 1657 montibus
810 1579 903 1656 altis
922 1585 1030 1660 omni
1052 1587 1334 1686 perspicuitate
1352 1587 1396 1661 in
1411 1589 1611 1685 oppositas
1635 1588 1760 1663 nubes
1779 1583 2013 1658 delineatur.

1069 1806 1103 1907 ἕ.
1139 1813 1176 1889 3.

266 2002 488 2082 Secundum
520 2000 815 2083 Mnurnnrmsn
844 2006 897 2107 (1)
926 2005 1189 2107 hypothesin,
1223 2030 1270 2082 ex
1300 2017 1475 2084 cometae
1515 2004 1643 2085 cauda
1673 2004 1843 2080 mutilus
1874 2013 1932 2079 est
1967 2004 2050 2079 for·

205 2142 356 2224 matus,
390 2153 510 2228 quam
539 2130 733 2207 Saturnus
772 2136 974 2232 quondam
1008 2157 1034 2207 a
1068 2144 1346 2233 praetereunte
1377 2136 1568 2211 avulserit
1598 2141 1794 2224 cometae,
1833 2142 1955 2229 atque
1991 2131 2050 2204 ita

207 2263 327 2339 etiam
347 2281 439 2335 suos
459 2258 617 2332 vicisset
634 2259 840 2350 satellitem
864 2261 973 2335 illius
989 2258 1086 2335 haec
1100 2260 1184 2335 fere
1201 2268 1259 2332 est
1277 2260 1505 2357 explicatior
1528 2270 1725 2350 cometae,
1750 2282 1874 2356 quum
1894 2267 1986 2331 sunt
2007 2256 2051 2331 in

208 2391 290 2485 suis
311 2384 531 2488 periheliis,
557 2382 791 2485 plerumque
801 2390 931 2488 longis
942 2396 1034 2462 suut
1051 2383 1225 2485 praediti
1242 2386 1402 2477 caudis,
1428 2408 1531 2485 quae
1551 2384 1832 2460 verosimiliter
1849 2380 2050 2455 immensis

207 2513 395 2595 fluctibns
413 2533 608 2609 vaporum
621 2522 821 2615 constant,
843 2539 918 2613 per
935 2511 1029 2588 solis
1048 2517 1200 2584 aestum
1211 2511 1475 2585 evolaturum.
1526 2510 1568 2584 Si
1590 2513 1726 2609 itaque
1752 2519 1904 2584 cometa
1921 2508 1964 2583 in
1979 2506 2053 2581 tali

203 2642 433 2724 conditione
451 2660 576 2736 prope
594 2640 794 2735 potentem
808 2642 953 2715 transit
975 2637 1192 2737 planetam,
1218 2634 1278 2708 vis
1298 2637 1509 2734 gravitatis
1524 2638 1706 2735 planetae
1723 2644 1854 2736 posset
1874 2633 2049 2724 efficere,

207 2782 258 2846 ut
284 2770 353 2845 hic
382 2766 526 2841 ductus
554 2762 812 2843 directionem
847 2771 1022 2839 mutaret
1057 2783 1225 2860 eumque
1254 2774 1415 2860 cogeret
1443 2764 1553 2840 circa
1584 2763 1713 2861 ipsum
1744 2784 1785 2835 se
1820 2761 2050 2852 revolvere,

204 2919 282 2997 per
316 2891 474 2990 ellipsin
507 2889 569 2963 vel
596 2890 804 2965 circulum.
864 2890 1026 2965 Cometa
1049 2889 1131 2962 sive
1156 2910 1299 2963 rursum
1333 2913 1477 2964 novam
1505 2889 1712 2964 materiam
1737 2889 1943 2988 praebeat,
1970 2887 2051 2961 sire

208 3019 320 3123 quod
350 3038 534 3117 praesens
568 3015 754 3108 sufficiat,
790 3017 956 3114 aliquod
988 3015 1126 3090 annuli
1151 3038 1275 3113 genus
1307 3016 1416 3091 circa
1447 3017 1644 3115 planetam
1673 3015 1887 3107 formaret,
1919 3014 2051 3112 ipsum

205 3167 367 3249 quoque
403 3165 550 3240 eorpus
575 3142 637 3216 vel
664 3143 844 3241 planetae
877 3143 1040 3219 nucleus
1077 3140 1231 3216 attrahi
1263 3153 1393 3239 posset
1423 3143 1592 3240 cogique
1620 3141 1729 3215 circa
1764 3142 1878 3216 illum
1905 3142 2048 3215 rotari.

255 3268 477 3350 Secundum
494 3267 774 3346 Msurnnrusu
795 3270 1048 3360 sententiam,
1075 3268 1174 3341 tales
1199 3268 1336 3343 annuli
1365 3291 1406 3342 se
1429 3270 1564 3366 potius
1586 3266 1695 3341 eirca
1717 3289 1901 3367 magnos,
1926 3291 2049 3366 quam

203 3422 351 3506 parvos
382 3398 558 3498 planetas
585 3397 777 3489 forment,
810 3419 964 3472 necesse
990 3403 1072 3482 est;
1097 3394 1194 3492 quie
1217 3403 1386 3493 propter
1407 3394 1598 3492 majorem
1627 3415 1791 3468 massam
1820 3416 1960 3470 eorum
1990 3403 2050 3467 at·

206 3526 420 3608 mactiones
452 3522 532 3597 sint
565 3522 776 3618 fortiores,
812 3548 934 3623 quam
979 3544 1200 3624 parvorum
1240 3520 1511 3619 planetarum
1547 3521 1666 3595 etiam
1703 3543 1856 3595 neccsse
1889 3529 1968 3611 est,
2002 3530 2051 3594 nt

205 3655 341 3756 potius
375 3672 416 3725 se
438 3649 611 3724 forment
631 3649 740 3725 circa
761 3651 919 3750 longius
945 3674 971 3725 e
995 3650 1077 3725 sole
1098 3649 1314 3738 distantes,
1340 3670 1460 3746 quam
1489 3645 1599 3721 circa
1624 3648 1825 3747 proximos
1849 3648 2047 3747 planetas;

207 3780 397 3882 quoniam
422 3784 666 3850 cometarum
691 3778 891 3872 celeritas,
921 3779 963 3852 in
984 3776 1065 3851 illis
1089 3774 1208 3871 longe
1230 3772 1379 3847 dissitis
1409 3773 1657 3870 regionibus
1683 3776 1940 3866 retardatur,
1965 3776 2049 3873 pla·

208 3918 401 4005 notaeque
433 3902 673 3977 occasionem
699 3907 864 4002 praebet
895 3905 1048 3978 diutius
1079 3923 1190 3974 suam
1214 3898 1256 3971 in
1288 3898 1401 3971 illum
1431 3899 1625 3974 actionem
1661 3903 1889 3991 exercendi,
1923 3913 2047 3999 atque

206 4036 269 4113 ita
289 4032 440 4131 majore
457 4027 599 4103 effectu
613 4028 657 4104 in
680 4039 898 4109 torrentem
916 4029 1071 4130 agendi.
1121 4027 1230 4102 Haec
1256 4025 1390 4099 omnia
1411 4024 1455 4098 in
1480 4023 1652 4103 Saturno
1672 4031 1911 4104 confirmatu
1932 4028 1969 4101 ei
1989 4029 2046 4102 vi·

206 4163 365 4237 dentur.

257 4286 427 4383 Magnus
462 4281 675 4357 satellitum
710 4304 925 4378 numerus,
962 4281 1179 4380 annulique
1206 4278 1292 4377 ejus
1321 4280 1579 4373 magnitudo,
1611 4282 1745 4379 inquit
1776 4304 1829 4357 nr
1856 4279 2048 4357 minino·

205 4432 321 4505 rurs,
355 4410 474 4484 etiam
501 4408 702 4508 hypothisi
737 4432 872 4486 ansam
910 4413 1101 4511 praehere
1135 4405 1337 4504 potuerit,
1376 4409 1508 4483 varios
1539 4406 1593 4483 ad
1622 4409 1725 4485 hanc
1756 4433 1840 4483 rem
1871 4418 2042 4483 cometas

205 4537 442 4628 contulisse,
467 4534 659 4633 illumque
687 4558 778 4610 eum
805 4535 1056 4615 diversorum
1081 4545 1320 4610 conicturam
1341 4533 1548 4634 dispendio
1572 4546 1732 4613 nectum
1753 4536 1874 4610 fuisse
1933 4532 2039 4607 Dum

208 4666 403 4755 annulus,
428 4668 622 4760 quantum
643 4684 798 4761 cunque
814 4667 945 4742 tenuis
979 4662 1183 4753 videatur,
1208 4660 1354 4736 emira
1379 4663 1559 4739 materiei
1591 4662 1814 4765 quantitate
1845 4661 2041 4734 formatus

207 4795 286 4887 sit,
310 4812 414 4892 quae
446 4788 533 4888 ipsa
563 4786 659 4865 satis
693 4791 745 4866 sit
775 4792 931 4884 rolens,
953 4799 1001 4864 ut
1027 4785 1210 4864 umbram
1238 4788 1281 4864 in
1298 4787 1482 4888 planetae
1510 4789 1661 4867 discum
1678 4787 1887 4892 projiciat;
1914 4810 2038 4886 quum

192 5008 437 5045 annun-¹·-

254 5162 304 5255 (1)
327 5161 500 5236 vticam
516 5189 582 5237 ear
600 5166 653 5237 les
670 5166 869 5261 aptante
876 5162 1019 5260 figeret
1038 5161 1100 5234 dee
1118 5164 1259 5238 Astron.
1269 5214 1280 5249 ‚
1306 5161 1412 5259 chop.
1434 5162 1529 5241 t111.

1642 5296 1682 5363 30
