4970 6164
1205 514 1522 591 ...223-

501 710 575 789 Die
606 712 757 815 Aprilis
789 710 838 788 ie
861 730 955 784 ausa
985 708 1061 806 ipsi
1096 705 1307 785 ridebatur
1334 709 1537 783 orientalis
1565 706 1768 785 obtusiore
1799 711 2087 801 esselumine,
2108 708 2267 787 omnino

452 852 583 919 autem
603 838 794 917 uniformi
816 834 908 910 inde
928 858 952 908 a
971 837 1128 935 planeta
1149 835 1346 931 usquead
1366 835 1666 915 extremitatem
1692 836 1734 911 in
1762 860 1856 911 ansa
1878 835 2109 913 occidentali
2128 843 2267 911 eontra

449 977 644 1042 extremae
662 967 765 1049 duae
780 960 921 1035 tertiae
941 962 1069 1059 partis
1091 961 1339 1059 aliquetenus
1356 960 1563 1037 lucidioris
1583 972 1697 1036 erant
1715 985 1834 1059 quam
1846 963 2002 1038 interna
2023 960 2144 1038 tertia
2161 983 2266 1059 pers.

498 1095 573 1169 Die
603 1094 649 1169 13
675 1090 813 1179 iunii,
848 1109 970 1183 quum
997 1086 1142 1161 iterum
1166 1096 1376 1185 appareret
1402 1087 1592 1179 annulus,
1617 1096 1768 1165 tantum
1794 1089 2044 1167 occidentalis
2076 1109 2170 1163 ansa
2189 1084 2266 1184 ipsi

454 1221 670 1320 apparebat
692 1229 738 1293 nt
759 1215 925 1295 maxime
961 1222 1172 1310 angustus,
1208 1235 1287 1286 non
1321 1224 1436 1289 acute
1464 1215 1697 1293 terminatus
1719 1216 1879 1308 duetus,
1917 1239 2039 1314 quum
2062 1213 2265 1313 usquead

446 1347 642 1451 planetam
674 1354 771 1419 esset
795 1340 903 1415 velut
929 1361 1009 1414 non
1025 1339 1250 1435 interrupta
1275 1339 1389 1414 linea.
1925 1434 1927 1437 Ι

500 1473 645 1547 Diebus
670 1468 784 1546 Junii
819 1466 866 1541 16
894 1473 933 1537 et
962 1464 1028 1554 17,
1052 1466 1239 1538 eontinuo
1276 1465 1553 1545 oeeidentalem
1580 1492 1713 1545 ansam
1743 1468 1958 1547 aoutiorem
1979 1480 2020 1545 et
2035 1469 2159 1565 magis
2176 1488 2265 1566 per·

448 1599 624 1697 splenem
646 1592 829 1672 orimtali
851 1588 1032 1677 ridebat3
1056 1589 1169 1668 nulla
1189 1599 1320 1669 autem
1336 1590 1471 1670 lueida
1489 1606 1646 1693 puncta.

494 1995 663 2069 ancm
687 1987 739 2089 (1)
778 1985 991 2083 Oettujene
1018 1993 1229 2075 memoret,
1271 2005 1311 2057 se
1338 2005 1412 2083 per
1440 1984 1615 2083 Aprilem
1646 2008 1812 2065 mensem
1842 1986 1952 2061 nulla
1967 1984 2102 2060 lueida
2118 1995 2261 2083 puncta

450 2121 492 2197 in
514 2117 660 2193 annulo
683 2116 836 2189 vidisse.

496 2246 643 2320 Diebus
675 2251 807 2314 eutem
843 2243 1032 2332 lemque
1060 2238 1110 2311 22
1136 2234 1248 2308 Junii
1280 2236 1517 2328 anni1833‚
1546 2260 1698 2336 semper
1720 2240 1820 2316 hora
1840 2240 2104 2341 vespertinali
2131 2261 2263 2312 ansam

447 2367 678 2443 orientalem
706 2364 850 2438 lueidis
875 2361 1031 2459 punctis
1064 2358 1285 2457 praeditam
1315 2361 1565 2455 intuebatur,
1596 2375 1636 2439 et
1662 2367 1729 2438 die
1749 2369 1798 2441 24
1825 2368 1937 2443 Junii
1971 2366 2267 2462 inaequalitates

447 2495 608 2568 ridebat
641 2500 761 2585 atque
784 2488 944 2561 luminis
968 2485 1263 2559 scintillationes
1295 2486 1337 2560 in
1366 2487 1578 2579 habenae,
1603 2492 1839 2586 quodidom
1865 2496 1916 2569 ab
1943 2494 2051 2568 illius
2080 2493 2265 2590 adjutore

449 2620 681 2694 Branelenr
707 2613 1031 2712 oonspieiebatur.
1091 2610 1272 2685 Meminit
1306 2611 1424 2686 etiam
1449 2614 1603 2691 Slnrrm
1630 2617 1821 2711 Patavii,
1845 2642 1886 2694 se
1915 2622 1980 2695 die
2003 2619 2115 2693 sunit
2140 2620 2187 2694 18
2221 2617 2264 2691 iu

447 2744 630 2825 orientali
653 2764 748 2818 ansa
776 2740 938 2819 luminis
958 2747 1106 2839 puneta
1129 2737 1284 2812 vidisse.
1333 2826 1338 2831 ἡ

1296 2964 1328 3065 a.
1369 2970 1426 3043 ra

491 3163 548 3239 Ex
567 3164 629 3239 his
655 3165 994 3241 observationibus
1031 3163 1231 3251 videmus,
1268 3173 1571 3260 quantacrmqne
1601 3188 1699 3238 eura
1735 3175 1773 3237 et
1805 3165 2027 3263 diligentia,
2060 3188 2085 3237 a
2115 3167 2264 3262 praeci·

442 3291 533 3388 puis
565 3292 767 3390 Europae
794 3293 1028 3367 astronomis
1057 3290 1260 3363 institutae
1280 3290 1378 3379 sint,
1404 3289 1492 3362 illas
1515 3292 1628 3363 nobis
1659 3316 1735 3365 non
1766 3293 1972 3366 certiorem
2004 3292 2260 3389 cognitionem

442 3416 493 3489 de
518 3418 655 3491 annuli
685 3419 883 3491 rotatione
913 3419 1114 3518 praebere.
1164 3414 1332 3511 Quando
1368 3415 1438 3488 has
1468 3438 1736 3514 comparemus
1772 3419 2059 3493 observationes
2090 3441 2178 3491 eum
2211 3419 2262 3489 iis

440 3541 688 3620 Hansenrnn
715 3542 1037 3641 sessoremque,
1070 3541 1249 3639 proxime
1274 3564 1362 3614 cum
1375 3540 1454 3614 illis
1476 3545 1707 3639 posterioris
1736 3547 1982 3620 conveniunt.
2030 3544 2178 3620 Mirum
2204 3554 2262 3616 ta.

440 3692 530 3744 men
550 3678 628 3759 est,
653 3668 723 3740 illa
740 3669 875 3742 lueida
892 3677 1040 3766 puncta
1061 3667 1104 3739 in
1126 3665 1234 3738 hisee
1253 3665 1403 3739 ultimis
1422 3670 1743 3743 memorabilibus
1758 3671 1913 3768 epoohis
1932 3679 2013 3743 tam
2034 3693 2153 3767 paroe
2180 3690 2264 3741 esse

442 3796 668 3881 observata,
695 3789 790 3864 dum
808 3815 834 3865 a
855 3792 1105 3880 Sannorum,
1129 3788 1356 3863 Hmumero
1375 3801 1494 3885 atque
1515 3791 1770 3867 Hanscunnto
1794 3802 1870 3866 tam
1893 3795 2122 3889 frequenter
2140 3803 2262 3889 atque

441 3919 598 3994 abunde
612 3917 932 4014 eonspioerentur
955 3922 1337 4012 observarenturqne
1349 3917 1428 3989 imo
1439 3917 1534 3990 dum
1549 3917 1828 3994 Hnancnmras
1851 3916 1901 4015 (2)
1916 3920 2105 3994 maculam
2126 3920 2231 3993 illam
2246 3974 2258 4008 ,

442 4068 561 4144 quam
583 4075 607 4119 a
628 4054 763 4124 ruent.
790 4066 969 4142 quaeque
985 4067 1110 4144 prope
1127 4043 1358 4116 exteriorem
1386 4044 1601 4141 marginem
1623 4055 1709 4118 erat
1730 4045 1827 4135 sita,
1851 4042 1946 4117 inde
1966 4066 1990 4117 a
2009 4046 2056 4120 28
2075 4045 2140 4119 die
2159 4046 2258 4120 Julii

442 4193 569 4268 usque
594 4170 646 4243 ad
676 4173 726 4246 24
746 4171 970 4246 Deeembris
993 4172 1097 4244 diem
1123 4169 1216 4242 anni
1242 4171 1359 4259 1789,
1393 4172 1467 4245 300
1497 4171 1683 4269 periodos
1706 4173 1787 4246 sire
1809 4169 2070 4245 revolutiones
2094 4176 2259 4248 maxima

442 4295 703 4393 regularitate
724 4320 958 4394 percurrere
977 4296 1099 4386 vidit,
1123 4303 1360 4392 praeterque
1378 4294 1487 4368 illam
1507 4296 1637 4372 adhue
1661 4307 1834 4397 quatuor
1853 4296 1950 4369 alias
1971 4297 2152 4374 maculas.

491 4419 853 4520 Quomodoeunque
882 4424 956 4511 sit,
980 4445 1059 4495 non
1079 4428 1159 4502 est.
1184 4418 1293 4515 quod
1329 4418 1380 4491 de
1411 4421 1549 4495 annuli
1581 4424 1777 4497 rotatione
1807 4420 2056 4511 dubitemne
2084 4426 2177 4500 huie
2197 4427 2258 4499 rei

443 4544 538 4620 satis
567 4544 803 4620 documento
838 4556 931 4618 sunt
960 4545 1251 4619 observationes
1272 4566 1422 4616 summa
1434 4544 1699 4621 sollieitudine
1734 4566 1912 4642 auraque
1933 4546 1984 4618 ab
2010 4546 2262 4624 llnnsenmro

440 4671 657 4748 institutae
705 4671 983 4762 Difficultatee,
1009 4671 1239 4769 quaenobis
1259 4669 1335 4743 hee
1359 4669 1413 4743 de
1437 4693 1482 4745 re
1501 4693 1547 4746 ex
1570 4672 1788 4749 Sonabrmr
1808 4671 2105 4773 llmemenque
2123 4676 2256 4752 obser-

489 5045 540 5135 (l)
570 5046 713 5116 Astron.
734 5044 891 5125 Narin,
920 5040 981 5112 N0.
1000 5044 1078 5112 252.
1110 5066 1184 5135 pag.
1207 5046 1285 5114 197,

487 5157 537 5250 (Ἃ)
559 5156 659 5227 Pte.
681 5155 712 5225 Y
711 5163 866 5225 ransart.
874 5156 944 5245 sor
960 5155 1015 5221 lde
1034 5153 1070 5223 Γ
1068 5173 1131 5220 ear
1154 5155 1253 5224 1792.
1281 5144 1369 5222 Part.
1385 5150 1416 5225 Ι.
1444 5174 1519 5257 paq.
1537 5156 1572 5225 6.
1593 5183 1599 5195 ·
