4978 6160
210 1540 325 1620 dllud
352 1557 482 1620 mmen
506 1546 603 1620 bene
634 1540 1021 1621 anmadvortendum
1038 1556 1116 1634 est,
1141 1544 1216 1619 hoc
1249 1543 1518 1620 tantummodo
1555 1541 1683 1615 valere
1713 1534 1819 1637 quod
1846 1543 1897 1616 ad
1929 1544 2020 1618 solis

206 1680 416 1757 *centrum
437 1669 490 1743 sit
511 1670 614 1745 enim
631 1671 762 1767 ligura
784 1670 966 1768 apposita
989 1670 1124 1744 ABCD
1136 1669 1325 1759 annulus,
1350 1668 1490 1756 ubscde
1513 1664 1587 1755 sol,
1612 1666 1696 1761 ejus
1714 1675 1887 1739 centrum
1910 1667 1951 1741 in
1970 1669 2019 1758 S,

206 1791 408 1864 dilatetur
436 1789 505 1865 An
540 1814 664 1889 uslue
690 1792 742 1867 ad
767 1792 825 1869 ad
844 1804 965 1891 atque
988 1792 1053 1868 Bc
1086 1813 1210 1890 usque
1238 1789 1290 1862 ad
1314 1789 1378 1876 bc,
1403 1789 1560 1883 quando
1581 1801 1711 1862 autem
1729 1801 1903 1865 centrum
1929 1794 2023 1867 solls

219 1917 327 1993 cadit
347 1917 394 2007 in
408 1916 556 1991 lineam
574 1916 665 2006 mS,
692 1940 792 2015 quae
811 1919 947 1993 annuli
963 1920 1124 2017 planum
1145 1918 1189 1989 in
1207 1915 1305 1987 duas
1323 1920 1453 2009 partes
1482 1909 1662 2005 dissecat,
1688 1914 1868 2012 superior
1885 1916 2025 1992 annuli

217 2043 335 2118 facies
366 2041 495 2116 adhuc
525 2041 815 2119 illuminabitur
848 2051 963 2140 parte
996 2040 1198 2139 superiore
1225 2035 1306 2110 aad
1330 2035 1442 2125 solis,
1475 2035 1717 2132 inferiorque
1746 2036 1863 2111 facies
1891 2040 2024 2115 adhue

217 2167 507 2242 illuminabitur
522 2167 709 2240 inferiore
728 2166 822 2241 solis
844 2176 957 2262 parte
982 2163 1063 2261 bsa3
1094 2171 1137 2234 at
1166 2154 1273 2233 radii
1300 2157 1444 2232 solares
1468 2159 1557 2252 ,fere
1583 2160 1824 2256 paralleliter
1841 2164 2026 2252 transeo-3

215 2303 356 2366 centur
372 2289 615 2388 superficiem
638 2291 798 2380 annuli,
822 2300 862 2363 et
890 2286 1099 2362 secandum
1126 2283 1312 2379 angulum
1334 2284 1600 2372 reflectantur,
1620 2285 1697 2381 ‘qui
1713 2283 1849 2358 similis
1875 2297 1932 2361 est
1954 2307 2024 2372 ari-3

216 2417 311 2517 gulo
331 2411 565 2490 incidentiae
594 2423 635 2486 ot
656 2414 748 2488 hinc
771 2415 888 2487 etiam
906 2413 1020 2487 valde
1042 2409 1228 2508 proclivis
1247 2406 1300 2480 ad
1324 2417 1495 2499 terram,
1523 2430 1673 2505 semper
1694 2409 1737 2482 in
1755 2411 1846 2486 solis
1861 2415 2024 2512 propin-

216 2541 369 2638 quitate
400 2549 628 2614 versantem.
687 2538 816 2636 Quum
847 2536 1030 2609 idoneum
1070 2534 1188 2607 ctiam
1218 2555 1480 2632 supponamus
1514 2534 1633 2607 situm
1655 2546 1786 2612 terrae
1814 2547 1852 2610 et
1887 2548 2020 2613 utram

215 2666 332 2736 etiam
348 2663 485 2737 annuli
500 2664 690 2737 facierum
709 2661 927 2749 videamus3
955 2660 1066 2759 (nam
1083 2681 1162 2731 non
1183 2667 1393 2755 utramque
1407 2656 1523 2731 simul
1540 2659 1761 2756 conspicere
1780 2664 2022 2765 possumus),

217 2810 396 2886 quaeque
412 2788 572 2861 illarum
594 2786 707 2859 nobis
729 2787 845 2862 nimis
863 2810 1005 2886 parum
1021 2785 1120 2860 lucis
1141 2782 1264 2856 mittit
1286 2792 1325 2856 et
1342 2790 1415 2856 sub
1435 2782 1551 2857 nimis
1573 2783 1713 2880 exiguo
1732 2784 1899 2876 annulo,
1925 2788 2022 2883 quin

214 2894 326 2987 tanta
357 2914 548 2989 distantia
580 2912 702 3009 possit
733 2913 924 3010 conspici;
949 2922 1067 3007 atque
1100 2908 1218 2981 etiam
1243 2912 1371 3005 posset
1402 2908 1601 2999 accidere,
1634 2907 1746 2983 illum
1776 2930 2022 3005 evanescere,

214 3017 424 3131 antequam
444 3034 503 3109 sol
522 3034 565 3105 in
584 3032 745 3129 planum
760 3035 831 3109 mS
849 3035 1011 3110 venerit.

233 3140 237 3149 ¹
266 3155 475 3230 Possumus
501 3164 730 3252 computare
752 3167 988 3256 punctorum
1010 3182 1034 3230 e
1058 3167 1097 3231 et
1115 3158 1154 3255 f
1173 3170 1291 3254 super
1318 3154 1418 3230 duas
1447 3157 1584 3232 annuli
1614 3157 1730 3232 facies
1758 3156 2024 3233 elevationem:

208 3262 257 3356 Si
270 3283 453 3380 ponimus
472 3277 682 3352 dimidium
700 3279 793 3353 solis
817 3280 1052 3356 diametrum
1073 3304 1094 3355 a
1118 3291 1227 3355 terra
1245 3281 1373 3356 visum
1389 3292 1435 3355 ut
1456 3284 1535 3371 16',
1569 3289 1664 3354 tnnc
1697 3280 1766 3354 ille
1793 3280 1952 3356 Saturni
1968 3284 2025 3357 vi·

218 3430 306 3497 sus,
344 3404 552 3496 distantia,
587 3428 688 3501 quae
721 3403 858 3478 similis
884 3415 942 3479 est
974 3400 1153 3498 attam,
1178 3414 1247 3479 aut
1279 3404 1362 3477 fere
1387 3405 1561 3502 aequalis
1591 3409 1635 3487 at
1658 3406 1809 3479 vicibus
1837 3404 2023 3480 distantia

216 3518 347 3603 t'errae
371 3528 422 3601 ad
442 3527 584 3611 solem,
609 3527 745 3603 similis
768 3529 801 3603 1‘
821 3525 901 3604 41¹¹.
949 3527 1071 3604 Linea
1093 3551 1188 3627 ergo
1209 3530 1300 3604 See
1321 3529 1490 3605 Saturno
1509 3530 1591 3605 visa
1612 3530 1810 3604 subtendit
1835 3530 2023 3628 angtrlum

218 3655 331 3745 101⁶,
356 3653 449 3741 hino
473 3651 705 3727 subtrahere
732 3646 916 3727 debemus
933 3652 992 3728 Sc
1015 3680 1057 3723 =
1084 3646 1288 3728 dimidiam
1309 3655 1606 3730 crassitudinem
1633 3656 1770 3729 annuli
1792 3676 1834 3720 =
1856 3662 1930 3741 ξω
1955 3677 2024 3753 po·

218 3789 351 3853 nentes
369 3778 462 3853 solis
491 3777 744 3851 elevationem
768 3803 811 3846 =
839 3776 892 3867 E,
917 3799 997 3851 esse
1028 3781 1154 3879 igitur
1184 3780 1403 3880 negativam
1430 3780 1605 3871 debebit,
1640 3790 1679 3854 et
1704 3808 1745 3849 =
1771 3777 1864 3856 101⁰
1884 3823 1935 3839 -
1950 3783 2022 3872 ie,

214 3924 266 3977 ne
285 3906 467 4002 superior
489 3900 607 3975 facies
630 3900 765 3973 annuli
784 3900 933 3974 nullius
947 3901 1052 3977 lucis
1068 3900 1226 3978 radium
1244 3927 1269 3976 a
1289 3902 1369 3977 sole
1393 3913 1601 4002 acceptura
1619 3905 1687 3995 sit,
1713 3898 1780 3979 sed
1802 3914 1850 3990 {e
1865 3913 1923 3978 est
1940 3913 2023 3981 tam

217 4036 353 4119 tenue,
378 4038 425 4101 nt
440 4027 523 4100 fere
543 4024 743 4100 observari
761 4049 840 4100 non
856 4023 991 4123 possit.

266 4157 317 4230 2⁰.
367 4153 533 4253 Quando
552 4152 713 4250 planum
746 4152 1024 4248 prolongatum
1057 4151 1193 4225 annuli
1221 4152 1365 4226 transit
1395 4153 1514 4227 solem
1546 4151 1649 4226 inter
1676 4163 1716 4225 et
1737 4162 1906 4241 terram3
1931 4177 2022 4231 narn

218 4298 265 4349 eo
288 4278 405 4351 iacies
427 4277 563 4353 annuli
581 4276 802 4349 illuminata
820 4299 844 4348 a
860 4278 973 4355 nobis
987 4296 1129 4349 'aversa
1149 4284 1226 4364 est,
1251 4285 1290 4349 et
1322 4268 1487 4352 obscura
1515 4277 1631 4351 iacies
1652 4270 1704 4349 ad
1727 4300 1797 4352 nos
1816 4300 2022 4371 conversa,

214 4401 464 4498 annulusque
498 4403 556 4476 ita
583 4401 696 4475 nobis
728 4399 948 4475 invisibilis.
1001 4392 1092 4474 vHoc
1118 4399 1271 4472 tamdiu
1301 4397 1444 4488 durat,
1478 4400 1666 4495 quamdiu
1699 4410 1829 4475 terrae
1859 4402 2024 4479 elevatio

220 4525 421 4598 contrario
451 4525 562 4622 signo
588 4535 707 4620 atque
735 4523 900 4598 elevatio
929 4518 1021 4599 solis
1036 4520 1174 4596 affecta
1201 4523 1262 4598 sit.
1312 4516 1532 4595 Poterimus
1556 4545 1651 4619 ergo
1680 4523 1867 4600 duntaxat
1886 4530 2023 4604 annuli

219 4648 424 4737 umbram,
449 4671 550 4745 quae
567 4649 609 4722 in
627 4642 778 4723 discunt
795 4650 975 4748 planetae
995 4648 1227 4748 proji0itur,
1252 4645 1491 4744 conspicere3
1516 4647 1585 4720 illa
1603 4649 1744 4723 umbra
1763 4657 1841 4729 erit
1870 4676 2024 4754 semper

218 4772 332 4849 valde
356 4770 489 4860 exilis,
514 4773 607 4869 quia
629 4782 759 4847 terrae
781 4780 821 4845 et
841 4773 932 4846 solis
950 4771 1180 4848 elevationes
1204 4786 1345 4867 parum
1370 4794 1395 4843 a
1414 4770 1638 4847 seinvicem
1664 4775 1872 4867 differunt3
1898 4802 2023 4878 quens

219 4895 273 4993 do
295 4894 431 4970 annuli
450 4895 610 4997 planum
633 4907 781 4972 terram
807 4900 911 4973 inter
933 4906 972 4971 et
1001 4898 1120 4971 solem
1149 4894 1315 4987 transit,
1339 4884 1413 4970 hoc
1429 4890 1588 4994 planum
1613 4910 1827 5000 utrumque
1845 4907 2019 5005 proximo

219 5013 434 5131 transibit„
446 5030 493 5094 et
511 5018 680 5105 latitudo
698 5026 862 5099 umbrae
880 5042 1022 5122 parum
1039 5020 1239 5120 superabit
1259 5010 1394 5094 annuli
1413 5016 1722 5100 crassitudinem.

261 5146 434 5222 ‘iamdiu
460 5169 560 5247 ergo
585 5144 758 5223 annulus
784 5162 865 5223 non
892 5137 1173 5245 conspicietur,
1205 5140 1396 5243 quamdiu
1429 5144 1551 5223 dur'at
1583 5146 1805 5227 differentia
1829 5154 1871 5229 in
1901 5153 2023 5253 signis

1667 5272 1686 5333 4
1698 5280 1713 5313 t
