4970 6164
882 1324 1389 1439 tinnivit.

761 1624 814 1707 DS
838 1624 1002 1681 PlssSlGl
1028 1622 1164 1681 nnuma
1189 1623 1499 1679 censnlnnmotm.

1075 1897 1109 1996 ς.
1149 1901 1179 1972 1.

216 2204 220 2209 ,
270 2124 328 2199 lle
350 2122 509 2223 physica
525 2121 662 2195 annuli
685 2120 746 2195 vel
764 2121 998 2196 annulorum
1027 2121 1304 2196 constitutione
1326 2139 1523 2219 perpauca
1550 2117 1704 2199 scimus.
1753 2124 1829 2202 Eos
1844 2150 1925 2203 esse
1943 2152 2031 2205 cor.

219 2273 322 2347 pora
346 2250 453 2325 haud
472 2245 670 2347 pellucida
688 2272 734 2323 ex
757 2250 901 2323 umbra
924 2250 1113 2340 obscura,
1134 2270 1253 2346 quam
1272 2248 1314 2321 in
1338 2246 1575 2337 Saturnum,
1598 2259 1813 2348 contraque
1836 2253 2028 2329 Saturnus

215 2377 262 2449 in
282 2376 387 2473 ipsos
408 2376 589 2473 projicit,
614 2385 732 2473 pntet.

216 2502 388 2601 :Quod
421 2502 473 2576 ad
505 2502 640 2575 annrrli
673 2511 875 2590 naturam,
909 2501 1039 2595 inquit
1069 2500 1277 2577 Hnnscnnn
1310 2499 1384 2599 (l),
1415 2508 1567 2574 certum
1599 2498 1744 2575 habere
1778 2506 1892 2578 nobis
1916 2506 2031 2598 licet,

219 2652 309 2702 eum
334 2650 414 2701 non
436 2628 565 2699 minus
596 2625 765 2702 solidum
793 2628 1111 2723 essentialemque
1135 2651 1253 2723 quam
1280 2629 1408 2725 ipsum
1428 2625 1621 2723 planetam
1643 2647 1733 2699 esse.
1785 2628 1949 2705 Eaedem
1970 2656 2033 2706 ra·

217 2766 368 2843 tiones,
386 2775 495 2847 quae
519 2752 631 2825 nobis
649 2753 769 2850 hujus
791 2752 1029 2826 soliditatem
1043 2754 1233 2851 probent,
1260 2755 1388 2828 valent
1405 2772 1562 2848 quoqne
1590 2751 1640 2823 de
1665 2751 1734 2825 illo
1753 2778 1763 2840 3
1788 2757 2034 2853 quandoqui-

214 2882 307 2954 dem
335 2880 514 2977 corporis
545 2878 705 2952 Saturni
735 2879 778 2951 in
798 2879 945 2952 annulo
971 2878 1152 2953 umbram
1171 2880 1369 2970 videmus,
1394 2877 1640 2975 vicissimque
1676 2879 1812 2953 annuli
1853 2882 2032 2955 umbram

213 3007 260 3079 in
283 3006 468 3103 planeta,
505 3004 642 3076 habita
663 3003 818 3077 ratione
842 3004 933 3078 solis
951 3004 1049 3078 situs
1070 3007 1179 3102 quod
1199 3006 1251 3079 ad
1273 3006 1343 3079 illa
1366 3026 1548 3103 corpora.

265 3128 485 3205 Secundum
514 3128 724 3202 Hnascnnn
754 3130 872 3202 etiam
894 3131 1007 3204 valde
1033 3141 1092 3204 est
1110 3132 1383 3229 perspicuum,
1407 3130 1598 3227 insignem
1622 3153 1702 3205 esse
1735 3131 1873 3206 annuli
1901 3132 1942 3205 in
1972 3154 2031 3205 sa·

212 3258 389 3331 tellitum
425 3254 686 3328 revolutiones
709 3255 939 3345 efficaciam
975 3257 1158 3353 quoniam
1188 3258 1429 3346 invenimus,
1455 3279 1521 3331 eos
1551 3256 1894 3354 irregularitatum
1931 3259 2032 3347 mul·

212 3384 391 3460 titudine
414 3383 457 3455 in
472 3402 609 3455 eorunm
628 3381 800 3454 motibus
816 3383 935 3473 affici,
961 3406 1062 3480 quae
1085 3406 1164 3459 non
1184 3384 1278 3459 satis
1296 3393 1402 3461 recte
1420 3383 1489 3456 alii
1508 3405 1646 3457 causae
1665 3385 1897 3459 tribuendae
1917 3396 2029 3477 sunt,

213 3535 337 3609 qnam
354 3509 541 3583 materiae
562 3507 794 3603 quantitati,
814 3529 860 3581 ex
883 3532 962 3605 qua
979 3518 1131 3584 constet
1150 3512 1319 3585 aemulus
1342 3521 1460 3608 atque
1479 3510 1687 3584 elevationi
1702 3533 1848 3605 massae
1867 3514 2029 3587 Saturni

214 3636 491 3735 aequetoriali.
2024 3614 2028 3619 Δ

268 3764 346 3837 llio
386 3770 541 3836 tautum
574 3761 962 3838 commemorabimus
1009 3752 1180 3863 quarum
1220 3764 1512 3842 conclusionum
1553 3786 1711 3839 causam
1743 3765 2029 3839 observationes

211 3890 411 3964 dederint.

267 4016 480 4113 Hucusque
500 4025 547 4088 ut
556 4013 650 4087 satis
660 4021 810 4087 certum
834 4023 1008 4089 statuere
1019 4027 1266 4114 poteramus,
1291 4015 1334 4091 in
1357 4016 1457 4090 duas
1475 4015 1664 4089 annulum
1678 4024 1811 4113 partes
1834 4036 1915 4085 esse
1928 4015 2032 4088 divi·

217 4168 329 4235 sum,
353 4139 563 4218 nonnullae
588 4148 713 4211 tamen
728 4139 1044 4234 praecedentium
1063 4145 1109 4220 15
1121 4165 1313 4217 annorum
1335 4141 1687 4217 observationesad
1711 4140 2031 4224 verosimilitudi·

213 4291 305 4345 nem
324 4268 520 4342 ducebant
539 4263 767 4361 multiplicis
787 4261 989 4340 divisionis
1008 4266 1075 4365 (2)
1121 4268 1173 4345 In
1190 4270 1270 4344 suis
1285 4267 1623 4343 observationibus
1649 4267 1778 4341 Encnn
1800 4266 1930 4341 adhuc
1951 4267 2031 4339 val·

213 4397 266 4469 de
286 4394 483 4490 singulare
506 4389 839 4465 animadvertebat
859 4390 1170 4489 phaenomenon3
1195 4395 1260 4471 die
1287 4418 1422 4492 nempe
1453 4397 1501 4471 25
1528 4394 1676 4492 Aprilis
1709 4392 1803 4467 enni
1830 4393 1926 4469 1837
1953 4417 2028 4489 ope

215 4518 448 4595 rensuum
478 4518 633 4618 magni,
665 4536 789 4591 novo
798 4516 1062 4595 achrcmetico
1094 4522 1246 4596 oculari
1272 4521 1460 4595 instructi
1489 4520 1691 4605 llnwesio,
1728 4518 2030 4615 amplificatione

217 4648 316 4737 600
340 4645 383 4718 in
408 4645 596 4720 interiore
619 4642 755 4717 annuli
776 4646 954 4739 margine
980 4646 1161 4721 umbram
1191 4647 1349 4721 videbat
1378 4647 1472 4720 satis
1501 4648 1679 4746 largam,
1704 4668 1805 4740 quae
1826 4667 1866 4716 se
1890 4644 2029 4718 sensim

214 4773 435 4870 sensimque
459 4771 502 4845 in
528 4772 688 4872 unicum
705 4777 919 4883 imum,
941 4773 1212 4883 contraheret,
1243 4774 1475 4881 periretque
1503 4775 1546 4848 in
1575 4783 1784 4887 utramque
1808 4758 2030 4867 superficiei

263 5145 760 5253 (llPdil.Transact.sV01
783 5147 924 5223 LXXX
946 5149 1056 5261 17q0
1072 5148 1159 5257 pm
1181 5150 1209 5219 1
1234 5172 1312 5242 pag
1326 5155 1358 5219 4
1548 5140 1555 5156 ·
1602 5142 1616 5159 ..
1663 5144 1668 5151 .
1723 5140 1729 5153 ,

263 5234 793 5349 (2)Υἰ6..,,01ρῗςιο’··
1445 5251 1765 5268 ....
1876 5266 1881 5273 ,
