4978 6160
791 1239 1497 1353 lutttbtttlt.

327 2234 435 2334 Quot
455 2246 494 2310 et
522 2255 640 2332 quam
665 2234 799 2308 uariae
818 2236 896 2309 sint
928 2233 1168 2308 inventiones
1201 2229 1369 2326 0000011,
1399 2230 1507 2330 qnod
1538 2234 1725 2322 vivimus,
1757 2231 1898 2307 decimi
1925 2232 2023 2311 noni

229 2366 401 2434 attamen
423 2359 619 2434 saeculum
641 2357 833 2431 decimum
850 2356 1079 2454 septimum,
1105 2379 1184 2431 non
1206 2355 1366 2452 quidem
1389 2365 1466 2430 tam
1479 2359 1732 2449 multifariis,
1758 2367 1800 2430 at
1821 2378 1900 2433 non
1915 2357 2047 2432 minus

228 2483 545 2556 memorabilibus
563 2483 801 2556 celebratum
817 2481 895 2554 luit
908 2481 1086 2555 inventis.
1130 2479 1292 2552 Exstant
1303 2477 1433 2553 adhuc
1449 2479 1677 2557 inconcussa
1695 2479 1823 2555 literis
1842 2481 2045 2577 consigna·

228 2613 271 2676 ta
287 2617 536 2681 monumenta
555 2606 736 2681 uirorum
750 2605 1057 2680 clarissimorum
1072 2603 1275 2694 100Ρο000,
1299 2600 1498 2694 Hucnnu,
1518 2605 1722 2682 Naurum:
1746 2614 1866 2701 atque
1884 2605 2042 2701 quando

231 2747 362 2797 omnes
391 2728 583 2825 reliquiae
604 2741 934 2828 monumentaque
957 2752 1096 2827 regum
1119 2736 1158 2801 et
1179 2728 1462 2824 imperatorum
1482 2728 1758 2826 hujusmundi
1775 2730 1862 2826 jam
1891 2729 2043 2805 dudum

225 2847 268 2920 in
285 2849 486 2945 pulverem
509 2854 671 2928 redacta
696 2866 835 2949 erunt,
861 2876 1077 2950 eorumque
1100 2852 1260 2927 nomina
1279 2872 1358 2924 non
1390 2853 1558 2948 amplius
1580 2854 1933 2950 nuncupabantur3
1958 2851 2043 2928 illo·

225 2992 315 3045 rum
340 2974 640 3051 triumvirorum
662 2977 821 3053 inventa
849 2976 1063 3050 manebunt
1092 2975 1309 3071 eodemque
1346 2972 1582 3051 immutabili
1613 2978 1657 3053 in
1692 2973 1800 3052 coelo
1834 2974 2041 3073 fulgebunt

221 3098 440 3195 splendore.

270 3220 434 3296 Cninam
453 3222 610 3296 tandem
628 3245 766 3300 causae
781 3228 873 3303 illae
892 3227 1127 3326 multiplices
1156 3224 1412 3317 inventiones,
1437 3249 1539 3324 qnae
1565 3227 1640 3301 sibi
1665 3225 1831 3300 invicem
1860 3224 2038 3322 quotidie

222 3348 451 3439 monadum,
479 3347 758 3424 adscribendae
778 3354 903 3427 suntP
951 3349 1075 3425 Unice
1100 3358 1139 3422 et
1158 3348 1286 3421 solum
1309 3347 1595 3448 indefatigabili
1621 3348 1868 3445 inquisitioni
1888 3359 1928 3422 ct
1948 3373 2037 3447 per-

226 3471 458 3546 scrutationi
476 3473 606 3572 legum
631 3474 814 3551 Naturae.
864 3475 1012 3575 legum
1032 3473 1192 3547 illarum
1208 3494 1301 3569 ope,
1329 3496 1431 3568 qnae
1455 3474 1555 3548 nihil
1570 3471 1681 3545 aliud
1698 3482 1811 3562 sunt,
1835 3472 1913 3547 nisi
1934 3476 2034 3553 certi

220 3591 385 3685 limites,
411 3596 518 3672 intra
537 3624 637 3697 quos
664 3623 805 3696 mugeto
827 3597 1011 3673 Universi
1035 3598 1232 3673 Cunerum
1249 3598 1399 3696 placuit
1423 3622 1515 3673 suae
1537 3598 1661 3696 ipsius
1679 3596 1877 3670 facultatis
1901 3620 2034 3675 creon·

217 3715 260 3789 di
282 3723 546 3814 operationem
580 3726 927 3811 circumscribere3
958 3724 1133 3814 homini,
1165 3722 1259 3798 licet
1285 3722 1468 3814 mortali,
1492 3732 1574 3796 tam
1605 3720 1804 3821 profunde
1831 3721 2030 3795 increata

219 3851 425 3936 penetrare
445 3845 582 3921 datum
595 3858 664 3921 est.
714 3848 833 3922 Hisce
848 3846 1023 3945 legibus,
1049 3869 1149 3943 quae
1160 3845 1396 3938 identidem,
1418 3858 1464 3920 ut
1485 3847 1568 3945 ipse
1588 3847 1782 3933 centron,
1806 3842 2030 3917 immutabi·
2102 3878 2109 3887 ⁵

217 3961 274 4036 les
296 3975 408 4055 sunt,
433 3989 565 4044 omnes
583 3994 646 4045 res
667 3981 820 4046 creatae
836 3981 927 4044 sunt
948 3970 1155 4068 subjectae.

264 4086 341 4162 Nec
365 4091 455 4187 quie
463 4104 599 4190 putet,
624 4094 1002 4170 considerationibus
1017 4090 1455 4191 investigationibnsque
1472 4096 1588 4170 nimis
1603 4097 1719 4195 longe
1735 4095 1789 4169 iri
1808 4110 1940 4191 posse,
1964 4092 2027 4169 001

214 4214 396 4291 illicitum
416 4220 524 4309 fore,
549 4228 631 4293 tam
661 4219 857 4317 profunde
878 4221 921 4295 in
941 4227 1107 4294 naturae
1126 4228 1274 4292 secreta
1288 4228 1514 4316 penetrare3
1540 4221 1650 4295 nulla
1664 4219 1782 4291 habet
1803 4227 1948 4292 natura
1972 4240 2028 4290 se·

215 4350 345 4432 creta,
368 4345 410 4417 in
437 4345 517 4420 suis
533 4343 752 4418 actionibus
782 4345 852 4419 ille
882 4343 1015 4444 palum
1036 4351 1249 4440 aperteque
1266 4343 1548 4440 progreditur:
1572 4347 1796 4439 ubicunque
1814 4342 1945 4414 adbuc
1964 4363 2027 4413 00-

214 4464 358 4539 lamine
375 4469 535 4543 videtur
554 4467 860 4560 circumvoluta,
886 4465 995 4564 quod
1014 4466 1198 4563 usquein
1216 4467 1322 4542 hunc
1344 4466 1449 4541 diem
1474 4469 1626 4542 frustra
1643 4469 1774 4543 conati
1787 4477 1890 4543 sunt
1914 4466 2025 4542 tolle-

215 4611 261 4663 re
286 4589 480 4683 homines,
504 4590 565 4666 001
589 4591 750 4690 potius,
786 4590 857 4664 ubi
875 4591 1019 4667 limites
1052 4602 1169 4683 sunt,
1206 4611 1305 4686 quoe
1338 4590 1562 4688 transgredi
1580 4592 1757 4667 nondum
1781 4600 2019 4689 potuerunt,

211 4713 254 4787 id
279 4716 393 4789 unice
416 4718 541 4792 nostri
571 4716 718 4814 ingenii
747 4714 931 4788 tenuitati
954 4728 1260 4813 nostrorumque
1294 4737 1473 4790 0000000]
1506 4717 1701 4791 debilitati
1719 4715 2023 4793 adscribendum

212 4849 293 4927 cst,
313 4863 414 4937 qnae
428 4842 657 4940 pleramque
675 4839 856 4937 sequitur
877 4840 1017 4915 tardus
1033 4841 1227 4914 humanae
1243 4841 1384 4914 mentis
1402 4862 1642 4939 progressus

259 4960 391 5059 Quum
410 4966 584 5040 nondum
607 4989 723 5041 naves
746 4973 860 5039 erant
871 4987 997 5063 neque
1012 4970 1170 5043 inuenta
1177 4974 1264 5040 erat
1284 4966 1395 5063 pyxis
1406 4965 1586 5057 nautica,
1612 4990 1802 5063 quaenam
1823 4976 2018 5042 tuncoau·

208 5103 273 5193 se,
296 5088 404 5184 quod
423 5090 587 5167 adversa
598 5086 730 5167 oceani
747 5110 820 5165 ora
840 5088 953 5167 nobis
974 5098 1077 5168 tecta
1095 5090 1242 5167 eranti‘
1266 5086 1537 5167 Profectonon
1548 5090 1647 5167 ineo
1659 5092 1819 5191 quidem
1838 5090 1946 5193 quod
1965 5088 2018 5167 ed

1743 5217 1758 5280 1
