4970 6164
915 1162 1223 1277 envoi
1297 1164 1378 1273 Xl.

490 1400 543 1453 Μ
567 1398 861 1474 Pannonium,
886 1404 989 1474 QUAE
1013 1403 1206 1459 euenum
1230 1403 1402 1461 susum
1426 1400 1595 1459 ΟΠΕΒΔΤ
1623 1402 1804 1459 nunnius.

1103 1638 1137 1741 0.
1175 1643 1209 1716 1.

281 1842 493 1939 Postquam
510 1834 867 1930 consideravimus,
890 1839 965 1913 sub
976 1859 1149 1935 quanam
1167 1838 1296 1912 forma
1314 1838 1485 1912 annulus
1505 1862 1547 1913 se
1558 1849 1693 1913 terrae
1710 1839 1909 1930 ostendat,
1935 1848 1976 1912 et
1995 1845 2072 1917 sub

230 1970 376 2066 quibus
396 1961 585 2064 phasibus
606 1960 713 2035 idem
733 1963 906 2038 visibilis
928 1962 1010 2053 sit,
1036 1962 1167 2037 adhue
1185 1963 1328 2038 ultim0
1354 1961 1443 2037 1000
1462 1961 1748 2060 inquirendum
1770 1975 1849 2057 est,
1875 1988 2070 2064 quaenam

227 2095 293 2169 hio
315 2091 485 2168 annulus
503 2091 685 2189 planetae
701 2090 843 2165 offerat
868 2089 1147 2188 phaenomena.

275 2216 331 2291 Ut
352 2216 548 2305 vidimus,
574 2215 712 2289 annuli
734 2215 864 2314 planis
880 2213 1114 2301 latentium,
1135 2213 1355 2289 rotundum
1374 2212 1580 2309 latumque
1595 2214 1777 2289 referunt
1796 2215 2069 2291 oireuliforme
2140 2203 2142 2207 ’

226 2344 414 2441 planum,
450 2338 561 2436 quod
595 2340 745 2437 optime
779 2356 1014 2436 eomparare
1041 2359 1252 2433 possumus
1279 2360 1372 2412 eum
1399 2337 1696 2428 horizontibus,
1732 2338 1805 2435 qui
1840 2342 2071 2417 artifieiales

197 2503 201 2511 ·
224 2474 382 2541 nostros
398 2465 498 2539 ooeli
525 2473 734 2559 terraeque
766 2462 905 2559 globos
925 2459 1186 2541 cituumdnnt.

270 2590 321 2665 ln
341 2590 505 2665 Saturni
527 2598 744 2686 aequatore
765 2587 936 2661 emulus
967 2610 1057 2664 oum
1089 2589 1201 2665 tenui
1234 2610 1307 2661 sno
1336 2587 1517 2685 margine
1542 2587 1596 2661 ad
1629 2588 1828 2685 planetam
1855 2614 2069 2667 conversus

218 2726 301 2806 est,
325 2716 464 2814 ibique
481 2725 652 2814 apparet
675 2723 722 2786 ut
749 2722 942 2810 angustus
975 2713 1141 2804 duetus,
1167 2713 1239 2810 qui
1257 2715 1309 2788 ab
1337 2713 1493 2787 oriente
1522 2712 1575 2789 ad
1598 2713 1860 2808 evenientem,
1884 2728 1930 2789 ut
1949 2741 2069 2792 arcus

221 2843 439 2932 verticalis,
464 2865 540 2939 por
565 2837 697 2915 zenith
728 2836 898 2928 transit,
932 2861 1137 2937 quumque
1164 2840 1268 2914 alter
1293 2839 1464 2913 alterum
1496 2848 1605 2935 tegat
1638 2840 1828 2932 annulus,
1862 2842 1952 2916 fieri
1985 2868 2066 2920 non

217 2977 371 3065 potest,
394 2977 442 3042 ut
457 2967 613 3066 aliquid
630 2965 834 3040 videamus
852 2963 904 3037 de
919 2965 1260 3042 circumsonante
1276 2965 1420 3041 fissura
1442 2965 1506 3039 vel
1520 2966 1750 3052 intervallo,
1777 2969 1887 3065 quod
1907 2979 2063 3046 utrum·

217 3117 301 3193 que
322 3095 516 3168 annulum
539 3102 721 3191 separat,
747 3090 806 3164 ita
831 3100 875 3164 ut
896 3094 1014 3168 arnbo
1032 3093 1171 3167 annuli
1195 3114 1236 3165 se
1259 3101 1305 3164 ut
1323 3115 1449 3165 unum
1468 3092 1690 3171 ostendant.

219 3268 223 3281 ·
272 3219 552 3296 Fundamenta
590 3226 779 3320 ponentes
808 3215 978 3294 Sruovnv
1016 3219 1304 3309 dimensiones,
1341 3218 1533 3294 annulum
1565 3218 1787 3294 invenimus
1822 3222 1865 3297 in
1899 3224 2063 3301 Saturni

634 3353 852 3442 aequatore
882 3347 1116 3422 milliarium
1148 3347 1247 3421 4122
1277 3346 1636 3444 geographiootum
1671 3346 1873 3426 distantia.
1934 3352 2063 3451 Appa-

634 3480 786 3545 rentem
808 3472 1109 3547 erassitudinem
1141 3470 1359 3546 seeundum
1388 3468 1582 3547 doninus
1604 3471 1854 3552 Iinnscnnur
1881 3478 2065 3555 observa·

220 3385 464 3459 ’Βσ

634 3601 760 3674 tiones
790 3595 925 3688 θ”,θ23
959 3609 1198 3690 statuentes,
1231 3591 1504 3684 latitudinem,
1540 3599 1615 3672 sub
1641 3623 1722 3697 qua
1746 3603 1918 3678 annulus
1950 3628 1990 3678 se
2017 3606 2094 3693 in,

634 3723 797 3799 Saturni
816 3734 1031 3821 nequatore
1056 3723 1248 3821 ostendit,
1274 3717 1453 3817 sequenti
1475 3722 1595 3798 modo
1611 3723 1790 3801 invenire
1806 3753 2026 3826 possumus.

682 3850 732 3926 ln
751 3851 884 3949 figura
908 3848 1090 3948 apposita
1114 3847 1229 3923 nobis
1254 3855 1336 3937 est,
1370 3846 1585 3920 seeundum
1614 3848 1784 3929 Srnnvnr
1820 3855 2062 3932 observatio.

632 3976 762 4073 nesti)
775 3974 895 4051 AG:
909 3973 1452 4064 4'‘‚339etdimidiamannuli
1462 3974 1763 4055 erassitudinem
1774 3976 2062 4070 nc=o'',0115

626 4107 867 4190 statuentes,
892 4098 1107 4198 aodpimus

1147 4345 1156 4362 .
1241 4338 1288 4357 -
1316 4349 1386 4429 AB
1411 4341 1453 4358 ..
1507 4404 1520 4441 ⁹

1019 4510 1120 4609 neg.
1144 4514 1282 4603 00005
1307 4537 1352 4581 =
1378 4505 1591 4593 00000070

1023 4635 1122 4733 neg.
1148 4638 1258 4729 naas
1308 4660 1354 4705 =
1379 4635 1592 4715 00373007

1020 4810 1119 4913 tog.
1132 4820 1245 4913 tang.
1259 4811 1292 4887 n
1305 4839 1356 4933 ².
1375 4761 1594 4892 ἦῖωωῖῖ

1025 4945 1119 5019 ἦ)
1250 4938 1501 5032 A=sra
