5032 6170
1217 521 1528 600 -174-

1312 765 1345 865 s.
1382 768 1445 844 ae.

516 970 688 1046 Ultimae
709 971 846 1047 annuli
860 963 1130 1068 disparitionis
1153 964 1354 1041 occasione
1382 965 1519 1041 annuli
1547 963 1845 1041 crassitudinem
1865 962 2060 1039 Jommrs
2081 960 2284 1040 Hraseur·

467 1119 556 1171 nms
575 1107 737 1172 conatus
755 1105 814 1169 est
833 1092 1021 1179 definire,
1044 1098 1209 1187 eratque
1228 1089 1289 1162 illi
1310 1099 1471 1164 eventus
1503 1089 1636 1181 θ’,023
1665 1088 1746 1161 sire
1767 1089 1879 1178 21‚85
1901 1088 2090 1162 milliaria
2119 1112 2283 1188 geogra

466 1224 606 1321 phica3
630 1220 736 1297 unde
764 1217 836 1308 fit,
861 1226 908 1290 ut
938 1217 1146 1292 amborum
1177 1212 1416 1291 annulorum
1445 1214 1627 1291 volumen
1660 1213 1925 1292 13004138767
1955 1214 2094 1299 cubica
2119 1238 2282 1315 geogra-

466 1350 584 1446 phica
614 1343 802 1420 milliaria
820 1343 1028 1417 contineat.

514 1471 571 1544 Ex
591 1464 696 1542 hisee
715 1489 740 1540 a
760 1487 799 1539 se
813 1466 977 1541 invicem
1007 1465 1244 1539 distantibus
1270 1467 1474 1542 eventibus
1507 1465 1641 1541 ridere
1669 1472 1751 1553 est,
1774 1488 1893 1563 quam
1923 1462 2080 1541 difficile
2099 1463 2173 1554 sit,
2196 1473 2279 1538 tarn

465 1593 648 1669 subtilem
669 1592 829 1668 omniuo
847 1591 1158 1667 observationem
1177 1588 1392 1665 instituere

1058 1859 1110 1912 llll
1134 1855 1247 1911 1²th
1275 1858 1410 1915 aarum
1435 1857 1679 1915 nlnncrrorn.

1299 2032 1330 2131 e.
1379 2037 1440 2113 21.

509 2229 708 2308 Hactenus
736 2231 981 2331 putabatur,
1019 2230 1210 2305 annulum
1247 2228 1489 2330 paralleliter
1523 2249 1686 2304 currere
1716 2246 1804 2300 cum
1842 2222 2020 2321 planetae
2055 2242 2276 2326 aequatore.

461 2350 660 2447 opinatur
675 2366 806 2429 autem
831 2354 1017 2428 Scuwlnu
1027 2354 1272 2447 Detrectas,
1297 2377 1425 2428 mense
1433 2354 1638 2430 Decembri
1656 2373 1758 2427 anno
1779 2349 1876 2423 1832
1895 2367 1935 2418 se
1955 2347 2178 2426 observasse
2196 2356 2276 2454 (1),

460 2476 562 2548 illud
579 2501 658 2552 non
676 2501 757 2553 esse
779 2501 935 2567 vertum,
960 2477 1027 2549 sed
1056 2479 1194 2553 annuli
1225 2479 1386 2578 planum
1415 2502 1439 2551 a
1457 2489 1572 2576 parte
1602 2476 1834 2552 occidentali
1852 2475 1905 2548 ad
1925 2474 2217 2552 meridionalem
2235 2492 2276 2553 et

460 2622 484 2671 a
511 2610 624 2696 parte
647 2602 831 2679 orientali
857 2599 911 2675 ad
943 2604 1258 2699 septemtrionem
1288 2607 1342 2679 ab
1361 2629 1410 2680 co
1440 2602 1662 2694 discedere,
1686 2601 1796 2699 quod
1822 2598 2003 2689 ridebat,
2034 2604 2193 2696 quando
2216 2606 2275 2678 ita

461 2725 617 2814 oculum
648 2726 868 2828 dirigebat,
901 2738 947 2802 ut
974 2726 1230 2803 intersecaret
1258 2727 1454 2825 planetam
1479 2726 1648 2801 auntrlus
1719 2725 1837 2824 Quod
1871 2729 1988 2801 etiam
2022 2730 2275 2803 conveniebat

460 2871 549 2920 cum
573 2850 659 2946 ejus
693 2874 887 2925 annorum
912 2851 1030 2940 1828,
1058 2854 1153 2928 1829
1179 2862 1219 2925 et
1242 2857 1339 2930 1830
1370 2851 1727 2942 observationibus,
1758 2852 1904 2949 quibus
1930 2849 2044 2925 valde
2068 2853 2274 2949 perspicue

456 2973 715 3065 cernebatur,
740 2974 877 3049 annuli
897 2974 1078 3048 umbram
1113 2998 1307 3073 zonasque
1332 2978 1505 3053 cinereae
1532 2975 1710 3072 planetae
1741 2977 1792 3049 ad
1814 2983 1968 3074 partem
1995 2974 2273 3050 occidentalem

456 3118 692 3193 contangere
708 3108 749 3172 et
765 3098 817 3173 ad
833 3109 987 3199 partem
1008 3102 1239 3176 orientalem
1251 3103 1480 3201 divergere3
1505 3098 1607 3174 illud
1625 3108 1754 3172 tamen
1771 3100 2064 3198 phaenomenon
2084 3124 2163 3175 non
2179 3127 2273 3176 sem-

318 3261 324 3268 ·
456 3244 530 3317 per
552 3223 627 3297 sibi
647 3235 844 3316 constare,
870 3225 938 3299 sed
958 3224 1076 3301 modo
1099 3228 1246 3326 magis,
1270 3224 1388 3300 modo
1409 3226 1540 3299 minus
1560 3225 1767 3323 perspicue
1782 3221 1985 3299 observari
2012 3244 2142 3317 posse3
2163 3228 2271 3321 quod

456 3357 584 3422 tamen
605 3348 648 3423 in
667 3351 876 3448 periodum
896 3375 975 3425 non
1002 3351 1183 3425 conferre
1203 3359 1370 3449 poterut.
1420 3350 1532 3451 Quae
1551 3348 1816 3448 phaenomena
1836 3349 1913 3448 ipsi
1932 3351 2062 3425 adhuc
2081 3353 2270 3446 posterio-

455 3473 567 3544 ribus
599 3473 938 3548 observationibus
960 3474 1316 3562 confirmabantur,
1342 3485 1448 3549 utet
1474 3473 1718 3550 mutabilitas
1741 3472 1783 3547 in
1807 3496 1991 3548 ansarum
2023 3474 2271 3571 longitudine

451 3606 492 3668 et
513 3596 554 3669 in
574 3599 873 3677 exoentrioltate.

1297 3792 1331 3893 s.
1368 3799 1427 3874 22.

498 3986 766 4063 Memorabilis
796 3999 855 4063 est
884 3986 1044 4065 Virmn
1076 3988 1273 4065 remeas
1300 3974 1523 4066 observatio
1551 3989 1632 4063 diei
1661 3990 1711 4065 23
1734 3986 1882 4085 aprilis
1906 3987 2003 4063 1833
2027 3986 2105 4085 (2),
2129 3996 2266 4069 annuli

449 4134 585 4209 nempe
607 4111 810 4210 planitiem
830 4114 992 4190 Saturni
1014 4115 1166 4191 discum
1191 4138 1271 4191 uon
1291 4117 1465 4194 medium
1483 4114 1685 4205 dividere,
1710 4112 1778 4188 sed
1797 4111 1992 4187 borealem
2026 4111 2266 4213 hemisphae-

450 4260 536 4310 ram
558 4237 735 4334 planetae
754 4263 892 4314 revera
908 4243 1098 4340 majorem
1117 4243 1284 4317 australi
1307 4244 1445 4319 rideri.
1494 4243 1682 4319 Centrum
1691 4237 1900 4338 gravitatis
1913 4239 2094 4335 corporis
2104 4239 2266 4318 Saturni

448 4371 659 4460 propterea
678 4385 757 4437 non
776 4366 1016 4442 coincidemt
1031 4388 1122 4442 cum
1142 4389 1238 4443 suae
1255 4369 1407 4468 figurae
1419 4378 1578 4458 cantro,
1603 4368 1818 4464 ambaeque
1832 4364 2125 4464 hemisphaerae
2144 4372 2263 4444 maxi·

448 4512 510 4564 me
529 4488 745 4585 inaequalis
766 4502 891 4566 essent
914 4491 1128 4571 denotatis.

1282 4699 1315 4799 p.
1364 4699 1426 4775 as.
1507 4690 1510 4695 ⁴

494 4901 712 4976 Semelam
737 4899 789 5000 (3)
808 4902 998 4977 sententia
1017 4902 1113 4978 haec
1134 4912 1217 4995 est,
1239 4924 1279 4978 se
1304 4902 1411 5023 omni
1441 4901 1678 4979 certitudine
1699 4922 1844 5001 ponere
1866 4923 1996 5001 posse,
2021 4900 2156 4975 annuli
2178 4900 2264 4998 pla·

489 5144 538 5231 (1)
562 5144 703 5211 Astron.
726 5144 857 5215 Nachr.
877 5145 935 5215 N‘.
955 5149 1033 5215 239.

490 5254 538 5341 (2)
564 5255 706 5322 Astron.
724 5251 856 5322 Nachr.
883 5255 921 5323 B.
940 5255 998 5325 XI.
1028 5252 1087 5325 ΝΟ.
1110 5258 1186 5326 243.
1215 5278 1288 5349 pap.
1309 5260 1362 5327 41.

488 5366 536 5454 (3)
560 5364 737 5456 Kronogr.
757 5362 922 5455 Fragm„
947 5362 1009 5441 Th.
1028 5364 1055 5433 l.
1086 5389 1159 5458 pap.
1181 5369 1256 5437 194.
