5032 6170
1017 543 1337 622 ...m-.-

265 771 269 779 ·
314 738 415 814 ilinc
444 738 622 814 undecim
660 737 753 812 euni
791 737 1045 813 elabebantur
1075 740 1306 838 priusquam
1343 739 1487 814 iterum
1530 738 1581 813 de
1611 739 1816 815 exterioris
1853 735 1989 811 annuli
2018 731 2080 806 ‹li-

262 866 414 939 visione
445 866 590 939 mentio
617 865 750 949 lieren
782 864 860 937 fuit
886 872 1000 936 nocto
1031 865 1144 938 valde
1169 866 1279 940 clara
1305 865 1356 941 25
1384 861 1533 959 Aprilis
1558 863 1642 952 die,
1683 864 1777 937 anni
1802 864 1919 952 1837,
1953 880 2076 956 quum

262 991 395 1067 Encas
416 987 468 1087 (l)
486 993 528 1065 ia
550 987 792 1065 Berolinensi
813 989 970 1084 specula
985 1012 1127 1086 magno
1147 991 1410 1067 achromatico
1441 990 1539 1063 tubo
1565 986 1922 1062 Frauenholeriano
1946 987 1970 1059 9
1992 981 2076 1080 pol·

265 1116 385 1191 licum
410 1123 621 1213 aperturae
645 1124 684 1188 et
711 1117 758 1189 15
785 1111 928 1210 pedum
958 1112 1037 1186 foci
1067 1114 1344 1211 longitudinis,
1370 1111 1448 1208 (oui
1475 1110 1696 1208 appositum
1724 1117 1810 1183 erat
1843 1106 2077 1182 achromati·

266 1257 355 1315 cum
377 1240 537 1313 oculare
552 1260 716 1320 novum,
741 1259 767 1309 a
792 1237 1030 1314 Meebontoc
1060 1238 1182 1313 Iluwn
1214 1240 1455 1328 coniectum,
1477 1258 1557 1333 quo
1586 1234 1653 1309 ille
1680 1234 1974 1309 nanciscebatur
2004 1227 2081 1321 600·

264 1362 623 1461 amplificationem,
648 1362 792 1461 insigni
821 1384 959 1460 eampo
987 1362 1189 1460 aliquanto
1212 1364 1339 1461 plurIs
1366 1383 1484 1458 quem
1504 1362 1528 1434 6
1546 1355 1810 1449 minutorum,
1838 1379 1917 1456 quo
1940 1351 2076 1449 annuli

265 1488 394 1584 irnago
416 1507 455 1558 se
471 1508 588 1581 quam
606 1487 773 1559 maxima
795 1487 883 1561 lieri
909 1496 1065 1586 poterat
1096 1487 1348 1564 accuratione
1377 1482 1597 1559 ostenderet
1612 1483 1646 1581 ,l
1672 1496 1830 1582 praeter
1852 1486 2076 1557 consuetam

264 1613 514 1702 divisionem,
537 1610 655 1709 plane
674 1612 791 1684 etiam
818 1615 1023 1712 perspicue
1050 1612 1241 1686 annulum
1259 1611 1491 1686 exteriorem
1515 1604 1638 1680 ductu
1658 1610 1792 1708 aliquo
1815 1609 1857 1697 in
1884 1605 1983 1677 duas
2009 1626 2073 1675 ae·

263 1737 398 1835 quales
425 1745 557 1836 partes
585 1734 753 1809 divisum
781 1737 943 1812 videret.
1002 1735 1239 1812 Ostendebat
1262 1759 1303 1810 se
1332 1736 1400 1810 hic
1433 1732 1593 1825 ductus,
1629 1757 1751 1832 aeque
1775 1757 1827 1808 ac
1847 1753 1988 1828 magna
2012 1730 2075 1803 di·

265 1862 362 1935 visio
392 1883 465 1959 per
495 1860 635 1934 leviter
659 1860 937 1958 amplificantes
966 1861 1082 1934 tubos
1111 1861 1351 1935 observatur.
1400 1858 1500 1931 lium
1527 1857 1619 1930 inde
1646 1862 1697 1934 ab
1722 1854 1980 1934 ulterioribus
2004 1875 2074 1926 an·

265 2006 396 2056 samm
420 1981 565 2056 finibus
584 2006 707 2080 usque
736 1983 788 2057 ad
815 1986 993 2083 planetae
1023 1985 1175 2059 (1191111
1206 1985 1289 2058 fere
1319 1981 1520 2083 persequi,
1557 1987 1676 2079 atque
1709 1985 1752 2059 in
1782 1991 1952 2076 utraque
1978 2002 2071 2053 ausa

262 2130 386 2204 aeque
405 2106 587 2182 distincte
606 2107 828 2205 conspicere
848 2116 1018 2206 poterat.

313 2231 460 2305 Diebus
478 2232 526 2321 2,
554 2235 601 2307 16
619 2241 659 2303 et
677 2234 723 2306 19
744 2234 884 2306 mensis
908 2233 1007 2331 Maji
1029 2234 1281 2330 sequentibus
1308 2243 1460 2308 tantmn
1483 2232 1678 2308 debilibus
1703 2228 2075 2328 amplificationibus.

264 2357 466 2433 observari
487 2364 644 2454 poterat
671 2355 874 2433 Saturnus.
923 2359 1037 2434 Aeris
1056 2368 1185 2431 eutem
1208 2370 1358 2433 tremor
1387 2370 1468 2433 tam
1502 2360 1703 2433 vehemens
1740 2364 1847 2446 erat,
1871 2366 1918 2429 ut
1943 2357 2069 2455 ipsam

265 2482 423 2582 quidem
444 2482 694 2579 praeeipuam
714 2482 968 2575 divisionem,
991 2484 1131 2558 ultimo
1150 2484 1241 2575 die,
1262 2507 1341 2559 non
1361 2495 1469 2559 corto
1495 2484 1670 2558 dimetiri
1695 2492 1835 2580 posset.

312 2612 363 2684 20
378 2607 475 2704 Maji
496 2605 561 2679 die
577 2609 781 2704 perspicue
799 2609 943 2685 iterum
973 2609 1107 2683 videre
1132 2617 1288 2704 poterat
1309 2610 1514 2684 exterioris
1543 2609 1679 2684 annuli
1708 2607 1949 2682 divisionem.
1998 2607 2069 2681 Ea-

263 2733 351 2806 dem
387 2754 545 2829 quoque
572 2756 597 2806 a
630 2732 823 2811 11111111
855 2737 1164 2810 observabantur
1195 2735 1481 2831 phaenomena,
1521 2738 1600 2812 alio
1631 2743 1761 2809 eutem
1797 2731 2068 2809 instrumento.

262 2858 409 2934 Contra
444 2870 576 2933 eutem
593 2860 678 2956 ejus
697 2883 966 2936 amanuensem
991 2860 1121 2934 (lama
1137 2867 1330 2936 attentum
1356 2862 1522 2937 reddere
1539 2862 1725 2950 debebat,
1750 2865 1797 2930 ut
1817 2879 1901 2931 eam
1919 2861 2074 2958 conspi-

265 2993 435 3061 caretur.

307 3110 381 3184 Die
405 3107 503 3206 Maji
520 3111 574 3185 28
594 3112 770 3187 omnium
790 3110 927 3185 annuli
953 3108 1128 3209 partium
1156 3120 1195 3184 et
1218 3123 1265 3185 ut
1284 3137 1406 3188 novae
1433 3114 1635 3190 divisionis
1663 3114 1921 3190 dimensiones
1937 3112 2066 3189 Escae

260 3235 547 3310 determinavit.

310 3360 440 3461 Quum
460 3383 555 3458 ergo
580 3370 622 3434 et
646 3360 786 3437 Karna.
817 3372 856 3435 et
878 3360 1009 3437 Encas
1034 3362 1129 3435 haee
1157 3362 1419 3460 phaenomena
1447 3365 1491 3439 in
1519 3362 1707 3463 oppositis
1730 3363 1867 3439 annuli
1894 3362 2071 3437 faciebus

262 3485 578 3576 observaverint,
614 3510 694 3561 non
715 3485 977 3562 dubitandum
999 3494 1077 3575 cst,
1113 3484 1211 3581 quin
1236 3487 1543 3562 verisimilitudo
1561 3488 1665 3562 adsit
1689 3489 1921 3564 exteriorem
1941 3508 2064 3559 ennu-

261 3611 344 3685 lum
369 3632 508 3685 revera
531 3612 702 3686 divisum
719 3636 812 3687 esse.

311 3734 496 3832 81111111
522 3737 566 3811 in
593 3738 758 3835 collegio
780 3738 957 3813 Romano
990 3737 1146 3814 Bomos
1180 3739 1394 3831 virenter,
1431 3739 1675 3814 Donoucnm
1703 3761 1776 3813 nos
1808 3737 1994 3813 certiores
2014 3738 2072 3810 ta·

261 3860 316 3935 cit
351 3861 423 3959 (2),
456 3862 634 3938 Patrem
662 3863 915 3939 nrv1coin
947 3864 1017 3937 illa
1047 3865 1234 3962 specula,
1265 3886 1422 3961 vespere
1452 3867 1500 3940 29
1530 3864 1610 3937 diei
1636 3863 1734 3962 Maji
1770 3866 1883 3952 1838,
1908 3871 2068 3960 praeter

270 3986 369 4061 duos
389 3989 478 4085 jam
505 3990 681 4086 cogmtm
712 3991 906 4080 anaides,
942 3989 1054 4063 valde
1074 3992 1278 4090 perspicue
1304 3989 1446 4064 vidisse
1474 3988 1602 4063 adhuc
1626 3999 1707 4063 tres
1730 3989 1828 4063 alias
1856 3987 2066 4060 divisiones

262 4109 323 4181 vel
342 4110 474 4208 nigras
491 4111 634 4202 lineas,
661 4134 829 4210 quarum
856 4134 936 4186 una
956 4113 1040 4186 fere
1068 4114 1110 4187 in
1131 4117 1261 4191 medio
1283 4115 1421 4190 annuli
1445 4113 1649 4189 exterioris
1664 4124 1751 4190 erat
1770 4113 1871 4201 sita,
1898 4120 1937 4183 et
1955 4112 2064 4206 quod

262 4235 515 4309 memorabile
533 4244 614 4322 est,
637 4260 765 4335 neque
793 4246 883 4311 ante
902 4260 990 4311 eum
1013 4260 1038 4311 a
1060 4240 1212 4315 nemine
1234 4249 1321 4314 erat
1351 4240 1621 4327 observatum,
1651 4236 1793 4310 harum
1829 4234 2066 4309 divisionum

262 4355 360 4429 duas
389 4359 432 4433 in
459 4360 647 4434 interiore
670 4362 901 4437 observabat
925 4360 1081 4437 annulo
1137 4362 1328 4462 Discipuli
1354 4383 1512 4459 quoque
1543 4359 1735 4458 amicique
1757 4356 1813 4431 ibi
1841 4372 2060 4457 praesentes

261 4480 382 4578 hujus
400 4483 460 4557 rei
486 4495 600 4560 testes
622 4488 795 4562 fuerunt

311 4602 562 4704 Sequentium
577 4612 737 4688 ‹lierum
751 4612 1041 4691 enarrationes
1059 4615 1137 4716 ipsi
1162 4615 1205 4690 in
1230 4636 1420 4691 zonarum
1448 4635 1613 4688 numero
1633 4609 1889 4687 variationem
1903 4613 2061 4711 praebe·

308 4951 357 5037 (l)
380 4950 481 5022 Astr.
510 4953 645 5025 Naehr.
671 4957 733 5031 N0.
758 4964 838 5029 888.
891 4961 1057 5034 11111111.
1090 4961 1250 5033 Umbere.
1281 4957 1340 5030 ΙΨ.
1361 4963 1419 5029 ll.
1456 4959 1535 5029 llec.
1567 4961 1663 5026 teat.
1695 4981 1772 5050 paq..
1790 4963 1866 5031 lot.
1920 4961 2058 5030 Helle·

261 5060 427 5126 craticule
445 5063 532 5135 111.
552 5066 616 5133 der
632 5065 781 5161 Kenigl.
794 5071 910 5147 Atre
930 5073 999 5143 der*
1012 5072 1070 5144 W
1067 5075 1233 5143 11111111.
1253 5092 1297 5137 su
1315 5068 1441 5137 serre
1451 5119 1461 5151 ,
1484 5090 1560 5138 vom
1575 5067 1675 5136 Jabre
1698 5071 1795 5139 1838.
1825 5092 1899 5164 paq.
1916 5074 2032 5140 6-9.

309 5168 358 5259 (2)
381 5169 482 5283 1111.
500 5174 632 5247 111111.
661 5177 721 5251 ΝΟ.
741 5184 817 5257 35⁷.
