4970 6164
976 594 1297 672 ...oar-

216 785 299 864 illis
322 786 457 876 horis,
483 809 584 882 quas
607 787 803 863 Saturnus
822 782 985 863 circiter
1013 789 1066 862 ad
1089 790 1327 867 rotationem
1358 810 1468 862 suam
1506 787 1776 886 impenderet,
1801 788 1844 864 iu
1863 785 2059 863 similibus

218 938 259 990 se
270 913 384 987 nobis
396 913 567 986 auritulus
586 918 809 990 ostenderet
826 915 1015 1012 phasibus
1029 916 1264 1013 periodioiS,
1290 916 1425 1012 quales
1436 915 1529 988 illae
1544 924 1657 1005 suut,
1682 939 1781 1013 quas
1792 938 1866 1015 per
1886 915 1971 1012 ejus
1986 914 2059 986 tri·

216 1041 329 1138 ginta
351 1060 549 1112 annorum
582 1042 868 1118 revolutionem
893 1041 1002 1115 circa
1024 1043 1145 1116 solem
1170 1044 1434 1116 observamus.
1485 1038 1615 1115 Porro
1639 1064 1687 1115 ex
1707 1042 1902 1117 constanti
1919 1036 2058 1114 annuli

213 1165 481 1265 parallelismo
512 1167 715 1265 analogice
741 1165 1065 1256 concluderetur,
1091 1190 1181 1243 eum
1212 1169 1333 1243 situm
1364 1188 1448 1240 esse
1479 1168 1522 1241 iu
1554 1167 1673 1266 plauo
1698 1177 1739 1241 et
1767 1168 1811 1241 in
1832 1166 2059 1263 aequatoris

215 1293 405 1392 sphaerae
417 1292 579 1367 Saturni
586 1292 813 1409 'directione
833 1301 955 1388 atque
973 1294 1122 1385 rotari,
1147 1293 1336 1392 quoniam
1347 1294 1483 1367 eadem
1502 1303 1561 1367 est
1580 1302 1741 1368 nostrae
1758 1303 1892 1366 terrae
1914 1313 2058 1389 aequa·

218 1421 319 1494 toris
350 1419 547 1493 interrae
578 1420 824 1495 revolutione
846 1418 1012 1510 relatio,
1047 1444 1128 1520 qua
1148 1420 1217 1514 fit,
1256 1431 1303 1496 ut
1330 1419 1424 1494 illae
1455 1420 1551 1496 euni
1581 1429 1856 1519 tempestatum
1887 1418 2056 1516 benigna

216 1544 474 1620 commutatio
497 1546 540 1621 in
555 1547 716 1647 planeta
737 1546 954 1623 efficiatur,

1083 1734 1118 1840 a.
1171 1738 1206 1818 7.

265 1939 314 2016 In
343 1960 415 2015 sua
435 1936 512 2011 sibi
530 1936 739 2036 phantasia
765 1938 969 2016 &meran
997 1937 1191 2035 fingebat,
1217 1938 1396 2032 sequenti
1418 1941 1538 2016 modo
1566 1941 1756 2017 annulum
1779 1950 1914 2015 ortum
1937 1962 2052 2015 suum

212 2084 357 2166 capere
389 2065 563 2162 potuisse
601 2066 674 2168 (lle
709 2089 833 2166 quum
858 2087 997 2164 nempe
1020 2064 1179 2165 planeta
1207 2062 1425 2157 Saturnus,
1461 2079 1508 2142 ut
1535 2076 1576 2141 et
1607 2068 1754 2166 reliqui
1778 2068 1973 2166 planetae,
2009 2090 2057 2143 ex

214 2192 383 2268 materia
413 2191 612 2284 chaotica,
649 2217 753 2293 quae
785 2191 875 2266 illos
908 2191 1088 2292 proxime
1118 2189 1412 2283 circumdaret,
1450 2215 1491 2267 se
1523 2197 1828 2294 constipassent,
1860 2195 2056 2267 venirent·

214 2342 293 2417 que
324 2318 368 2392 iu
397 2328 643 2416 praesentem
673 2320 959 2409 conditionem,
996 2341 1079 2415 qua
1114 2316 1157 2389 in
1192 2314 1386 2390 relatione
1423 2319 1569 2395 virium
1612 2324 1921 2420 centripetarum
1968 2341 2057 2397 ceu·

212 2445 537 2541 trifugarumque
573 2447 681 2522 circa
722 2446 843 2520 solem
879 2453 1056 2518 rotantes
1099 2462 1259 2515 morere
1292 2461 1334 2511 sc
1366 2440 1608 2540 inciperent,
1646 2447 1689 2521 in
1727 2448 1868 2524 dissita
1895 2446 2056 2543 regione

213 2569 400 2661 Saturni,
425 2573 649 2667 etquidem
669 2572 711 2645 in
735 2573 919 2645 omnibus
942 2571 1028 2668 ejus
1047 2567 1242 2643 circuitus
1265 2568 1447 2663 punctis,
1475 2591 1522 2642 ex
1544 2573 1712 2646 materia
1726 2572 1927 2662 chautica,
1953 2594 2056 2668 quae

213 2694 272 2769 ihi
288 2695 463 2787 adesset,
487 2696 647 2770 infinita
674 2695 950 2773 chaoticarum
982 2716 1203 2768 massarum
1235 2690 1477 2774 multitudo,
1504 2696 1626 2771 variis
1648 2698 1868 2796 majoribus
1890 2698 2056 2773 minori·

213 2819 365 2916 busque
383 2821 589 2896 diametris
604 2823 918 2918 conglobatam,
942 2840 1045 2919 quae
1072 2829 1238 2893 cunctae
1257 2818 1416 2893 simula
1439 2820 1605 2896 Saturni
1627 2824 1725 2897 orbe
1751 2833 1791 2898 et
1812 2823 1905 2899 hinc
1923 2848 2002 2923 per
2014 2848 2055 2898 se

211 2948 265 3021 ab
287 2948 372 3044 q'us
399 2957 556 3036 centro,
581 2946 625 3020 iu
643 2947 834 3022 maximae
853 2946 1040 3022 diametri
1059 2944 1338 3035 directionem,
1363 2948 1407 3022 iu
1431 2949 1603 3023 circulos
1632 2959 1828 3041 rotantes,
1853 2952 1989 3049 itaque
2011 2954 2054 3031 in

209 3074 297 3173 ejus
325 3074 554 3170 aequatoris
581 3073 701 3172 plano
735 3076 1043 3150 attrahebantur
1069 3078 1110 3144 et
1132 3072 1183 3144 ab
1212 3073 1395 3147 omnibus
1427 3074 1623 3151 circuitus
1652 3075 1797 3149 circuli
1815 3079 1974 3175 punctis
1999 3078 2052 3151 ad

208 3201 376 3277 Saturni
396 3209 651 3298 aequatorem
672 3201 933 3277 confluebant.

261 3327 431 3427 Quando
453 3337 585 3401 autem
604 3350 753 3401 massae
772 3327 865 3401 illae
885 3351 1011 3426 parto
1032 3334 1160 3399 essent
1179 3347 1363 3418 nmnero,
1382 3327 1550 3403 fortasse
1567 3328 1754 3403 satellites
1770 3329 1932 3405 Saturni
1955 3333 2051 3407 lacti

209 3465 364 3545 esseut,
390 3454 424 3527 si
443 3452 496 3527 ad
516 3475 656 3526 earum
672 3453 732 3527 ris
751 3455 976 3553 centriiuga
996 3451 1210 3528 sufficisset.
1260 3450 1409 3527 Verum
1431 3455 1485 3528 ad
1506 3454 1550 3529 id
1570 3455 1816 3530 efficiendum
1836 3469 2050 3557 ,praeterea

214 3578 432 3657 multitudo
452 3601 671 3653 massarum
692 3579 736 3655 in
753 3581 938 3680 plurimis
958 3578 1116 3677 punctis
1135 3578 1261 3675 magis
1283 3578 1462 3655 minusve
1479 3581 1628 3659 dissitis
1649 3582 1835 3675 circulis,
1868 3559 2053 3660 ortarum

212 3707 335 3788 nimia
365 3715 471 3794 crat;
509 3705 698 3802 quoniam
733 3706 836 3783 enim
874 3728 1007 3781 omnes
1046 3702 1165 3778 simul
1196 3701 1250 3776 ed
1285 3704 1447 3780 Saturni
1484 3720 1737 3806 aequatorem
1778 3710 2050 3805 confluebant,

205 3836 293 3935 jam
315 3834 359 3906 in
378 3830 600 3905 minoribus
627 3831 789 3907 circulis
814 3832 982 3932 propius
1010 3831 1087 3906 sibi
1116 3828 1282 3904 invicem
1315 3832 1523 3908 veniebant
1554 3858 1673 3932 seque
1693 3836 1819 3934 magis
1848 3836 2052 3934 magisque

212 3960 510 4061 perturbabant.
563 3956 666 4034 Hinc
700 3957 838 4049 fiebat,
863 3967 911 4031 ut
936 3979 1073 4030 aarum
1107 3955 1167 4029 ris
1198 3954 1442 4055 centrifnga,
1468 3983 1572 4057 quae
1598 3961 1768 4035 forsitan
1789 3962 1876 4057 jam
1907 3985 1981 4059 per
2010 3987 2050 4037 se

213 4087 356 4164 debilis
385 4106 466 4159 csse
484 4091 642 4181 posset,
676 4083 802 4182 magis
835 4083 1038 4181 magisque
1071 4081 1353 4157 debilitaretur
1383 4096 1423 4158 et
1456 4086 1628 4185 denique
1657 4087 1880 4162 tolleretur.
1938 4086 2050 4165 Nunc

212 4212 383 4287 ruebant
398 4219 562 4285 cunctae
581 4209 700 4283 simul
720 4210 865 4308 majori
886 4209 927 4283 ti
950 4207 1231 4304 celeritatequc
1250 4209 1292 4283 in
1312 4212 1540 4307 aequatoris
1570 4213 1733 4288 Saturni
1750 4212 1914 4311 planum
1929 4224 2050 4314 atque

214 4338 360 4413 adhoc
389 4358 437 4409 er
468 4338 650 4413 omnibus
672 4336 814 4413 circuli
845 4337 1037 4411 circuitus
1059 4335 1238 4432 punctis,
1265 4345 1306 4409 et
1324 4361 1449 4435 quum
1473 4338 1643 4438 denique
1662 4342 1899 4438 proruentia
1917 4342 2049 4440 prima

212 4486 404 4563 corpora,
425 4462 548 4538 insuo
560 4465 665 4538 sorte
678 4463 811 4538 adhuc
824 4464 1102 4560 angustissimo
1114 4462 1333 4559 praesentis
1352 4464 1555 4541 interioris
1573 4467 1711 4541 annuli
1728 4465 1898 4556 circulo,
1919 4492 2047 4566 prope

212 4614 256 4666 sc
274 4592 442 4667 invicem
460 4591 660 4680 venirent,
685 4612 838 4665 neccsse
858 4598 966 4679 erat,
992 4597 1061 4678 ut,
1086 4586 1273 4661 iuudhuc
1295 4587 1406 4665 molli
1420 4614 1493 4665 sua
1515 4593 1742 4667 conditione
1764 4593 1807 4666 iu
1825 4592 1954 4666 solido
1966 4596 2044 4669 clr-

212 4716 329 4806 culo,
352 4717 396 4790 iu
410 4724 500 4789 seet
512 4715 631 4810 Juxta
646 4740 687 4791 se
703 4718 871 4792 invicem
881 4716 1053 4790 firmiter
1072 4712 1401 4804 intrudereutur3
1425 4740 1529 4815 poue
1546 4744 1649 4815 quos
1674 4719 1856 4816 deinceps
1874 4741 2047 4817 corpora

213 4845 276 4919 rel
295 4863 465 4930 massae,
491 4860 593 4935 quae
615 4863 661 4915 ex
688 4839 837 4915 dissitis
867 4840 1010 4915 circuli
1041 4838 1278 4915 circuitibus
1309 4840 1446 4914 eodem
1468 4843 1588 4917 modo
1615 4841 1657 4914 iu
1676 4843 1904 4938 aequatoris
1925 4845 2044 4944 plano

211 4968 266 5045 ad
308 4991 374 5043 eos
413 4974 601 5060 ruerent,
633 4970 740 5044 inter
774 4977 815 5045 ct
845 4976 935 5068 post
964 4990 1030 5042 eos
1062 4969 1106 5044 iu
1130 4990 1171 5044 se
1208 4966 1513 5055 confirmor-ena
1549 4967 1675 5047 donec
1705 4966 1864 5041 andem
1904 4968 2047 5047 ultimo

258 5289 307 5382 (1)
330 5289 510 5381 Kronogr.
531 5290 700 5382 Fragm„
726 5289 788 5362 th.
808 5292 836 5365 l.
864 5316 938 5385 pag.
960 5296 1039 5365 241.
