5032 6170
1208 498 1528 585 ...ιω-ι

472 696 663 800 scriptas,
692 696 934 805 accipiebat,
971 717 1141 799 quocum
1177 696 1326 778 tuoto
1353 699 1589 777 ὃοιιιιιιιιι
1627 719 1717 775 suas
1754 692 1988 773 deuutones
2022 696 2280 777 communion·

473 838 587 902 verat
610 825 676 925 (1).

522 948 736 1050 Postquam
758 950 908 1053 primas
928 957 1133 1048 acceperat
1147 945 1305 1041 literas,
1331 946 1528 1027 &sursus
1557 945 1752 1048 planetam
1774 944 2023 1038 observabat,
2049 946 2280 1046 ridebatque

469 1078 555 1174 jam
586 1078 685 1169 cito,
720 1077 889 1175 spatium
918 1072 1196 1149 intermedium
1226 1076 1332 1152 inter
1363 1074 1559 1174 planetam
1591 1083 1632 1148 et
1662 1072 1849 1147 annulum
1869 1095 1895 1146 a
1926 1073 2050 1146 latere
2076 1072 2214 1147 dextro
2237 1054 2279 1146 in

471 1204 592 1293 tubo,
617 1202 838 1278 babendum
870 1223 951 1275 esse
980 1200 1106 1297 majus
1136 1199 1308 1277 sinistro.
1358 1199 1539 1275 Habebat
1571 1209 1703 1273 autem
1731 1199 1806 1273 hoe
1830 1197 2119 1296 phaenomenou
2150 1199 2281 1296 primo

472 1325 602 1407 lusum
624 1329 820 1424 opticum,
845 1323 940 1421 quia
970 1324 1021 1397 ab
1051 1334 1222 1422 utroque
1253 1326 1377 1400 latere
1407 1322 1626 1399 occasiones
1648 1343 1727 1396 non
1756 1320 1910 1395 eaedem
1937 1332 2072 1411 erant,
2092 1345 2280 1420 posseque

472 1449 566 1525 huic
585 1449 643 1523 rai
665 1449 843 1546 planetae
857 1448 900 1521 in
919 1455 1033 1544 parte
1059 1446 1197 1521 dextra
1223 1447 1360 1524 annuli
1381 1447 1562 1521 umbram
1588 1444 1778 1542 originem
1805 1443 1913 1519 dare.
1963 1443 2020 1520 Ut
2048 1466 2142 1542 ergo
2173 1446 2276 1518 illud

474 1572 640 1646 ulterius
675 1572 914 1670 inquireret,
938 1570 1034 1644 tales
1062 1571 1229 1669 eligebat
1251 1595 1453 1672 vesperas,
1490 1570 1634 1668 quibus
1665 1569 1776 1645 brevi
1810 1581 1900 1667 post
1931 1570 2049 1644 solem
2078 1592 2278 1657 occasum,

473 1697 766 1793 atmospbaerae
786 1695 960 1773 conditio
982 1694 1095 1768 valde
1119 1706 1220 1771 esset
1239 1696 1400 1787 idonea,
1425 1695 1663 1866 haberetque
1691 1693 1868 1769 iliacum
1891 1695 1964 1770 480
1990 1705 2030 1769 et
2051 1696 2124 1774 600
2146 1695 2280 1793 ampli·

471 1823 755 1900 ficationibus
742 1822 951 1918 imaginem
970 1820 1236 1896 clarissimam

521 1949 620 2023 Sunt
650 1948 906 2021 dimensiones
936 1947 1138 2021 instiuatae
1170 1969 1243 2044 ope
1267 1945 1509 2023 mierometri
1539 1968 1629 2021 oum
1662 1945 1738 2021 iilis
1766 1945 2015 2045 simplicibus
2071 1944 2281 2046 Quumque

472 2076 640 2151 annulus
666 2095 691 2145 a
714 2081 828 2171 parte
848 2071 1005 2145 interna
1031 2074 1143 2171 pejus
1174 2074 1407 2147 terminatus
1426 2081 1545 2162 esset,
1569 2093 1689 2167 quam
1716 2094 1741 2144 a
1770 2082 1883 2169 parte
1904 2080 2087 2162 externa,
2112 2077 2280 2149 annulus

474 2203 670 2276 dimansm
688 2206 746 2270 est
772 2198 815 2269 in
842 2195 1099 2270 directionem
1130 2198 1212 2272 axis
1242 2197 1406 2294 majoris
1423 2206 1464 2270 et
1496 2197 1706 2272 distantiae
1734 2219 1826 2271 suae
1851 2197 1902 2271 ab
1923 2196 2064 2269 ultima
2085 2197 2210 2274 limite
2230 2202 2282 2275 ad

473 2328 582 2424 globi
600 2323 761 2399 Saturni
786 2320 1021 2417 marginem
1046 2344 1125 2419 quo
1156 2329 1360 2418 praeterea
1385 2332 1564 2397 constans
1587 2333 1715 2421 posset
1737 2323 1841 2398 oriri
1867 2342 2003 2413 error,
2026 2323 2131 2397 unde
2150 2325 2260 2398 fieret
2272 2395 2285 2435 ‚

475 2465 522 2527 ut
544 2449 724 2525 adhiberi
743 2446 904 2519 deberet
923 2448 1171 2522 micrometer
1193 2469 1283 2521 cum
1307 2446 1384 2520 filis
1404 2448 1667 2545 simplicibus,
1690 2450 1875 2545 quoniam
1898 2448 2085 2523 distantia
2108 2449 2279 2528 duarum

473 2586 780 2654 curvaturarum
808 2570 1063 2646 determinari
1095 2573 1273 2662 deberat,
1298 2594 1400 2668 quae
1430 2573 1483 2648 ad
1505 2574 1608 2647 idam
1632 2574 1735 2648 latus
1762 2596 1951 2648 convexae
1978 2585 2079 2648 sunt.
2133 2556 2280 2653 Sideri

476 2711 629 2804 posset,
654 2709 701 2774 ut
723 2696 854 2771 atauo
871 2708 1051 2771 constans
1085 2708 1255 2773 exstaret
1282 2718 1400 2772 error
1423 2700 1629 2774 minimum
1660 2700 1703 2775 in
1733 2698 1831 2774 loeis
1863 2700 2099 2791 observatis,
2119 2716 2287 2800 propter

477 2828 609 2904 varios
634 2830 873 2899 curvaturae
891 2820 1026 2895 radios
1044 2820 1221 2920 planetae
1236 2832 1276 2895 et
1297 2822 1435 2898 annuli
1466 2825 1664 2924 ellipseos,
1689 2844 1841 2897 necesse
1863 2834 1922 2899 est
1951 2833 1998 2897 ut
2016 2823 2081 2898 ille
2102 2847 2217 2901 error
2240 2828 2286 2904 in

479 2965 651 3049 utraque
675 2956 789 3047 parte
807 2947 984 3044 planetae
1003 2946 1165 3044 aequale
1184 2948 1258 3037 sit,
1283 2957 1322 3022 et
1345 2949 1622 3026 distanfiannn
1637 2946 1861 3023 differentia
1878 2950 1943 3027 bio
1958 2959 2079 3027 vacet.

527 3079 626 3157 Ecce
642 3073 930 3153 observationes
958 3072 1155 3173 quomodo
1174 3096 1199 3148 a
1225 3073 1404 3152 Strnuvso
1421 3078 1547 3153 factae
1569 3076 1659 3150 sint.

1064 3269 1116 3346 ad
1130 3270 1496 3350 sinistrumintubo
1529 3269 1935 3349 addextrumintubo

1142 3369 1223 3443 sive
1242 3371 1415 3445 adlatus
1602 3371 1683 3444 sive
1700 3371 1752 3444 ad
1771 3371 1875 3447 latus
1959 3366 2286 3466 amplificationes.

1137 3467 1424 3544 occidentalem.
1614 3469 1852 3544 orientalem.
2032 3504 2034 3509 ·

526 3373 635 3451 1828·
709 3319 1033 3397 Observationum

776 3441 974 3493 numerus

481 3623 692 3645 ᾳ

482 3697 602 3774 Mart.
624 3698 673 3772 29
879 3692 895 3763 l
1672 3700 1804 3788 12¹¹,2s

483 3821 610 3923 April.
651 3817 675 3896 7
875 3819 900 3893 2
1282 3874 1293 3909 ,
1671 3825 1716 3897 ll
1741 3826 1803 3911 ,90

626 3984 677 4008 .-
880 3939 905 4016 a
1118 4036 1122 4041 ⁴
1283 3943 1321 4034 ‚³
1671 3949 1716 4021 11
1742 3950 1801 4033 ,ιι

652 4070 677 4142 9
881 4066 907 4139 4
1672 4073 1716 4145 ll
1742 4071 1804 4159 ,85

632 4193 679 4265 lt
881 4188 906 4262 2
1671 4195 1718 4269 12
1739 4193 1802 4282 ,08

630 4314 678 4388 21
882 4312 908 4387 3
1283 4244 1294 4406 Ξ
1670 4319 1715 4393 ll
1740 4318 1801 4407 ,59

539 4538 634 4613 Illas
654 4534 845 4608 dimensas
868 4532 1073 4610 distantias
1092 4532 1321 4609 reducentes
1340 4534 1392 4610 ad
1410 4535 1578 4611 mediam
1600 4532 1778 4636 planetae
1802 4533 2030 4614 distantiam
2063 4564 2105 4609 =
2119 4540 2294 4629 ussaw,
2348 4629 2354 4641 „
2490 4556 2491 4645 ᾗ

493 4686 566 4762 ope
583 4656 812 4758 logoritbmi
829 4656 1106 4732 distantiarum
1126 4656 1461 4754 geocentriearum
1488 4682 1534 4733 ex
1561 4658 1807 4757 planetarum
1832 4660 2154 4759 Ephemeridibus
2176 4662 2295 4738 Sonu-

494 4806 688 4876 uscnunt,
714 4803 789 4881 pro
811 4780 911 4855 hora
931 4785 979 4872 6,
1003 4789 1178 4883 tempore
1200 4781 1437 4869 crocotas,
1461 4792 1579 4880 atque
1600 4781 1805 4859 distantius
1823 4796 1938 4885 parte
1963 4786 2100 4864 ‹iextm
2118 4788 2296 4865 observa.

495 5006 687 5027 ἠ

542 5134 591 5223 (1)
615 5132 715 5205 Astr,
737 5135 869 5208 Noctr,
882 5184 892 5215 ,
922 5134 1010 5204 Band
1028 5133 1085 5207 Vl.
1109 5133 1169 5209 ΝΟ.
1192 5139 1269 5213 139.
