4970 6164
1221 390 1546 523 ,ὲ-ιιι-

482 643 650 721 οιιιιιὶιιο
669 664 825 741 quoque
843 647 932 742 post
943 661 1119 716 omasum
1138 651 1258 740 atque
1275 651 1371 717 ante
1377 651 1510 719 ortum
1521 643 1632 737 solis,
1643 669 1737 746 pars
1749 670 1774 721 a
1784 645 1868 723 sole
1888 646 2118 725 collustrata
2135 662 2282 742 mauolt

480 780 594 846 nocte
621 767 825 843 accedente
851 767 980 866 maj0r
998 771 1083 867 ejus
1109 791 1204 868 pars
1232 767 1274 842 in
1303 767 1463 842 Saturni
1490 772 1672 863 umbram
1701 770 1891 871 pervenit.
1948 770 2052 847 Hinc
2082 776 2285 871 sequitur,

479 906 527 970 nt
541 895 632 968 illae
664 892 841 989 regiones
862 914 936 990 per
961 917 1049 967 snas
1069 918 1263 971 annorum
1287 894 1370 966 fere
1395 896 1440 970 15
1461 902 1643 984 aestates,
1668 892 1894 970 clarissimis
1919 893 2056 968 diebus
2073 897 2286 993 fruman,

479 1042 581 1117 quae
605 1017 731 1089 solum
762 1018 943 1091 noctibus
972 1020 1206 1095 5horarum
1237 1020 1552 1115 abrumpamur,
1576 1040 1754 1119 quaeque
1782 1016 1945 1091 ultimae
1975 1039 2047 1113 per
2073 1024 2284 1101 solstitium

478 1140 669 1216 aestivum
691 1136 807 1211 etiam
837 1139 1044 1236 insigniter
1076 1147 1353 1221 diminuuntur
1379 1134 1548 1241 illaeque
1568 1150 1700 1215 noctes
1727 1150 1930 1240 praeterea
1953 1145 2088 1220 annuli
2102 1148 2285 1224 claritate

475 1266 762 1342 illuminantur.
797 1260 883 1334 Tali
906 1263 1023 1339 modo
1042 1269 1201 1347 claritas
1223 1268 1437 1343 multorum
1457 1288 1649 1341 annorum
1666 1268 1749 1340 fere
1767 1287 1846 1338 non
1864 1264 2107 1365 interrupta,
2123 1272 2285 1368 insigni-

476 1403 540 1467 ter
557 1407 806 1487 compensare
839 1386 942 1458 valet
964 1401 1116 1465 noctem
1141 1396 1188 1468 10
1211 1393 1262 1466 ad
1287 1396 1334 1468 12
1366 1416 1559 1469 annorum
1590 1392 1752 1483 hiemis,
1776 1412 1877 1488 quae
1906 1399 2140 1469 nontamen
2173 1396 2284 1470 bene·

476 1520 551 1594 lieo
575 1524 720 1615 septem
742 1512 927 1585 lunarum
943 1511 1101 1612 fulgore
1117 1519 1234 1591 etiam
1256 1526 1510 1617 temperatur.

1318 1711 1353 1812 ς.
1403 1714 1439 1787 ι.

522 1908 689 2011 Quando
712 1908 762 1981 ab
787 1919 999 2003 aequatore
1027 1907 1226 2005 usquead
1249 1909 1317 1987 60⁰
1344 1907 1567 1983 latitudinis
1596 1908 1765 1984 borealis
1790 1916 1910 2004 atque
1938 1907 2124 1982 australis
2143 1910 2286 1984 transi·

474 2061 579 2126 mnu,
603 2032 772 2107 annttlus
802 2054 841 2103 se
865 2034 1010 2130 optime
1037 2032 1390 2131 perfectissimeque
1419 2030 1601 2104 ostendit.
1650 2032 1781 2132 Quum
1805 2031 1976 2107 borealis
1999 2033 2136 2106 annuli
2168 2035 2285 2109 faeiat

472 2185 497 2236 a
521 2161 601 2235 sole
629 2156 900 2247 illuminatur,
935 2158 1102 2231 borealis
1138 2159 1429 2256 hemisphaerae
1463 2157 1681 2231 habitantes
1713 2157 1978 2230 illuminatum
2008 2158 2142 2232 rident
2164 2183 2287 2233 annn-

471 2285 575 2374 lum,
600 2284 671 2379 qui
702 2278 781 2353 illis
812 2279 985 2351 interdiu
1018 2292 1063 2354 ut
1084 2281 1225 2352 leviter
1252 2282 1495 2353 illuminatus
1529 2303 1645 2354 arcus
1670 2293 1853 2378 apparet,
1880 2305 1920 2355 se
1953 2282 2004 2355 ab
2027 2281 2211 2355 orientali
2234 2280 2287 2355 ad

472 2403 750 2482 occidentalem
785 2401 1026 2476 horizontem
1058 2400 1284 2492 extendens,
1320 2411 1438 2497 atque
1476 2403 1518 2474 in
1551 2406 1719 2478 meridie
1758 2407 1991 2482 altissimum
2019 2427 2134 2478 suum
2168 2404 2287 2478 situm

471 2532 676 2627 attingens.
726 2526 870 2599 Eadem
893 2528 968 2600 sub
988 2526 1115 2601 forma
1138 2534 1259 2600 noctu
1287 2547 1375 2598 eum
1397 2524 1550 2616 vident,
1575 2531 1683 2605 haud
1715 2532 1836 2607 dubie
1858 2543 1989 2615 tamen
2018 2529 2187 2628 pulchro
2210 2529 2287 2604 cla-

470 2675 596 2751 roque
614 2651 789 2748 fulgore,
813 2651 884 2748 qui
911 2651 954 2725 in
985 2675 1065 2726 uno
1088 2652 1278 2727 duntaxat
1294 2649 1382 2724 loco
1412 2662 1579 2750 propter
1605 2654 1785 2752 planetae
1811 2658 1994 2729 umbram
2018 2649 2284 2752 abrumpitur.

470 2764 582 2856 Jaoet
603 2777 699 2849 haec
720 2776 881 2865 umbra,
906 2784 952 2849 ut
982 2801 1114 2876 perse
1135 2788 1243 2876 patet
1262 2798 1414 2872 semper
1436 2776 1479 2849 in
1509 2800 1629 2866 cono,
1655 2776 1716 2851 vel
1746 2781 1852 2856 linea
1879 2791 2007 2869 recta,
2035 2803 2134 2877 quae
2163 2780 2286 2853 solem

469 2905 743 3004 planetamque
771 2899 993 2996 conjungit,
1017 2925 1064 2976 ac
1091 2904 1170 2976 sole
1196 2901 1395 2976 occidente
1422 2902 1519 2998 tegit
1551 2901 1687 2975 annuli
1718 2904 1947 2978 orientalem
1971 2913 2143 3002 partem,
2165 2914 2288 3001 atque

469 3029 525 3107 sic
544 3027 587 3100 in
613 3023 803 3096 annulum
829 3035 1021 3121 permeat,
1046 3037 1092 3100 ut
1105 3027 1233 3100 media
1252 3036 1367 3101 noete
1385 3025 1590 3117 australis,
1616 3034 1735 3122 atque
1754 3027 1826 3099 sub
1847 3025 1965 3099 solem
1990 3026 2202 3119 orientem,
2223 3051 2288 3102 oe·

469 3151 673 3229 cidentalis
696 3149 832 3221 annuli
855 3171 950 3246 pars
970 3150 1174 3225 in'utnbra
1186 3151 1337 3248 jaceat,
1360 3162 1479 3248 atque
1497 3153 1555 3226 ita
1574 3174 1646 3250 per
1665 3169 1982 3246 unamquamque
2002 3160 2154 3224 noctem
2170 3152 2287 3248 phae-

469 3296 662 3352 nomenon
684 3274 819 3346 annttli
845 3273 1018 3349 deiectus
1040 3286 1217 3374 repetat,
1242 3300 1344 3373 quae
1372 3275 1583 3352 admodum
1606 3299 1698 3349 cum
1731 3275 1876 3350 nostris
1899 3271 2114 3347 defectibus
2137 3271 2287 3348 lunari·

468 3403 542 3476 bus
561 3397 760 3486 eonvenit3
786 3423 866 3496 quo
888 3400 956 3490 fit,
969 3410 1015 3473 ut
1029 3401 1147 3495 hujus
1163 3404 1327 3476 umbrae
1345 3404 1387 3477 in
1410 3405 1567 3502 planeta
1584 3404 1682 3477 situs
1701 3400 1814 3497 quasi
1833 3419 1909 3497 pro
1921 3396 1972 3469 sit
1991 3386 2217 3494 horologio,
2241 3397 2286 3473 in

468 3550 547 3623 qno
560 3523 693 3598 videre
709 3534 872 3619 possunt
894 3534 1083 3618 quantum
1103 3528 1290 3625 temporis
1310 3529 1370 3601 vel
1389 3539 1478 3603 ante
1490 3528 1550 3603 rel
1563 3535 1652 3625 post
1668 3523 1836 3598 metiiam
1854 3531 2005 3596 noctem
2023 3521 2075 3593 sit
2098 3520 2284 3619 elapsum.

518 3655 698 3730 Attamen
720 3671 793 3746 per
815 3645 916 3720 illud
941 3659 1115 3745 tempus,
1147 3675 1227 3747 quo
1255 3652 1450 3727 borealem
1475 3650 1574 3727 coeli
1593 3658 1747 3748 partem
1769 3644 2028 3721 incolentibus
2048 3654 2180 3718 noctes
2201 3653 2283 3717 tam

467 3782 633 3883 pulchre
652 3773 851 3850 illuminat
873 3775 1062 3866 annulus,
1086 3776 1352 3850 meridionalis
1369 3778 1684 3875 haemisphaerae
1708 3782 1815 3847 astra
1839 3768 2126 3845 habitatoribus
2144 3792 2285 3844 eorum

458 3909 647 3992 ‘obsurat3
666 3900 708 3973 in
730 3900 929 3975 nonnullis
943 3912 1075 3975 autem
1094 3901 1320 4000 regionibus
1336 3925 1494 4002 quoque
1510 3905 1592 4003 ipse
1603 3902 1660 3976 sol
1670 3895 1846 3973 interdiu
1864 3917 1964 3993 pone
1976 3916 2065 3967 eum
2080 3894 2284 3970 delitescit.

470 4033 511 4106 Si
532 4051 667 4127 nempe
689 4025 748 4098 sol
764 4047 887 4123 supra
904 4025 1042 4098 annuli
1063 4026 1223 4124 planum
1245 4049 1323 4099 non
1344 4027 1603 4102 alteeleratus
1626 4026 1696 4115 sit,
1721 4021 1833 4096 illum
1854 4019 2071 4110 illuminat,
2096 4019 2139 4093 in
2150 4019 2285 4093 Sanm-

468 4180 564 4232 num
592 4154 770 4227 umbram
801 4153 963 4251 projicit
993 4153 1181 4243 annulus,
1211 4149 1431 4246 circulique
1458 4150 1662 4249 paralleli,
1687 4149 1729 4222 in
1748 4170 1846 4244 quos
1865 4146 1935 4220 illa
1958 4142 2081 4234 eadit,
2106 4165 2178 4241 per
2198 4144 2286 4218 lon·

466 4304 560 4382 gum
586 4288 739 4373 tempus
764 4280 882 4352 solem
907 4276 1065 4352 omnino
1090 4300 1168 4351 non
1194 4275 1457 4372 conspicium
1485 4284 1729 4376 pernoctem
1751 4294 1862 4347 suam
1883 4270 1958 4344 bae
1980 4269 2098 4341 dere
2114 4275 2286 4342 tantum

466 4410 585 4486 modo
619 4404 825 4477 intuentur
849 4400 1063 4490 annulum,
1090 4402 1198 4499 quod
1219 4401 1311 4475 inde
1331 4400 1382 4473 ab
1396 4400 1581 4475 orientali
1593 4422 1717 4496 usque
1734 4396 1786 4471 ad
1803 4390 2080 4469 occidentalem
2103 4395 2287 4474 horizon·

392 4602 394 4607 .
466 4545 547 4608 tem
576 4530 626 4603 iis
638 4536 761 4600 totam
772 4526 1110 4601 constellationum
1130 4524 1269 4597 seriem
1288 4533 1414 4621 tegat,
1438 4536 1631 4623 notusque
1652 4524 1702 4597 iis
1720 4519 1896 4595 interdiu
1911 4518 1981 4607 fit,
2006 4521 2287 4616 quandoelora

466 4656 739 4754 atmosphaera
770 4650 922 4747 aliquid
953 4651 1112 4727 luminis
1139 4648 1275 4722 diurni
1303 4650 1548 4747 aliquamdiu
1564 4645 1757 4736 *reflectit
1782 4645 1908 4720 instar
1937 4669 2056 4720 zonae
2080 4648 2283 4725 obscurae.

466 4785 522 4857 lis
544 4782 663 4870 locis,
697 4778 739 4852 in
765 4779 909 4874 quibus
935 4776 1028 4849 solis
1058 4776 1231 4850 defectus
1261 4777 1395 4850 totalis
1423 4798 1497 4873 per
1522 4774 1743 4871 complura
1768 4791 1915 4843 menses
1941 4768 2091 4846 durans
2119 4772 2283 4849 luminis

469 4907 603 4983 diurni
621 4904 721 4979 nibil
742 4906 900 4977 omnino
921 4900 1177 4992 transmittit,
1194 4901 1276 4973 dies
1288 4911 1407 4999 atque
1426 4926 1504 4977 nox
1526 4923 1605 4973 non
1616 4897 1784 4971 medinm
1806 4920 1831 4971 a
1851 4922 1891 4972 se
1910 4898 2075 4973 invicem
2087 4897 2283 4976 different.

468 5036 582 5110 illam
617 5031 815 5117 umbram,
853 5052 971 5125 quam
986 5025 1042 5099 ⁴in
1065 5023 1278 5097 Saturnum
1305 5027 1474 5101 annulus
1507 5022 1687 5126 projicit,
1721 5045 1794 5120 per
1821 5023 2030 5123 tcleseopia
2056 5033 2212 5114 nostra,
2237 5035 2285 5101 nt

466 5154 709 5242 monuimus,
728 5152 843 5227 facile
867 5152 1132 5250 agnoscimus,
1157 5150 1261 5225 unde
1282 5152 1564 5245 conclusimus,
1588 5148 1777 5225 annulum
1794 5171 1959 5249 opacum
1975 5171 2056 5226 esse
2074 5170 2232 5248 corpus.
