5032 6170
993 558 1305 652 »itta

294 781 464 880 Tempus
497 772 802 875 reupmrittonis
841 771 908 847 die
939 772 989 850 29
1017 771 1204 847 Januarii
1244 774 1347 850 hora
1389 773 1614 876 vespertina
1645 777 1689 871 0)
1725 773 1853 850 tradit
1882 773 2083 855 Furtum-

247 908 451 1111 wgiessgb
482 1053 507 1104 a
537 1030 766 1104 Cianorum
799 1010 941 1100 Purrit'
969 1020 1180 1099 ridebatur
1203 1025 1414 1126 teleseopio
1446 1030 1497 1104 22
1522 1026 1682 1126 pedum.
1744 1004 1873 1106 Pisae
1894 1053 1920 1103 a
1940 1031 2082 1111 Storro

246 1155 449 1254 telesoopii
481 1151 681 1229 Shortiani
719 1173 820 1249 ope,
857 1147 968 1245 quod
1000 1151 1158 1247 objeeta
1188 1150 1393 1226 duesntios
1426 1151 1704 1250 amplificabat
1769 1151 1977 1230 mistum
2012 1158 2085 1254 qut

245 1307 335 1360 eum
360 1282 426 1357 die
459 1284 506 1359 31
531 1280 738 1381 perspicue
772 1275 990 1351 Grerwuiet’
1020 1277 1284 1375 conspiciebat
1309 1300 1384 1378 ope
1410 1279 1602 1353 tuborum
1626 1280 1986 1357 achromatteorum
2016 1307 2085 1380 pe·

249 1414 345 1487 dum
365 1416 391 1488 5
413 1418 455 1485 et
477 1411 545 1497 3t,
569 1404 755 1502 conjicit,
779 1422 820 1474 se
847 1423 939 1475 eum
958 1402 1024 1476 die
1049 1406 1099 1479 30
1119 1405 1422 1479 observaturum
1451 1403 1597 1497 fuisse,
1630 1406 1665 1479 si
1697 1407 1769 1479 air
1801 1402 1916 1481 valde
1950 1408 2083 1485 elenu

245 1538 396 1615 fuisset

293 1664 365 1740 Die
384 1665 429 1739 31
457 1661 661 1737 Scartm
680 1655 960 1735 Littenttatae
979 1655 1113 1752 primo
1133 1654 1293 1733 ridebat
1310 1682 1384 1758 ope
1403 1655 1604 1754 teleseopii
1623 1654 1871 1733 Rusonem
1897 1660 2083 1760 tpedum

243 1803 285 1867 et
307 1789 611 1889 amplificatione
631 1789 682 1862 st
706 1785 749 1859 in
769 1782 1002 1882 crepusculo
1024 1783 1239 1873 annulum,
1265 1795 1311 1858 ut
1333 1782 1448 1857 valde
1466 1779 1735 1855 tenuissimam
1753 1781 1917 1858 luminis
1939 1786 2089 1863 lineam

245 1922 298 1994 ab
318 1929 490 2016 utraque
506 1916 686 2014 planetae
708 1920 844 2010 parte,
869 1932 994 2009 quum
1024 1917 1125 1984 esset
1142 1932 1236 2007 pers
1262 1905 1516 1984 occidentalis
1547 1905 1674 1980 multo
1698 1911 1825 2005 magis
1851 1913 2080 2012 perspicua,

242 2046 441 2121 orientali.
491 2044 639 2117 Diebus
658 2043 708 2115 29
725 2048 764 2111 et
787 2039 837 2113 a)
854 2036 1008 2111 coelum
1030 2035 1107 2133 ipsi
1131 2036 1355 2110 nubilatum
1375 2042 1463 2108 erat
1488 2032 1555 2131 (2).

295 2171 519 2245 Videbatur
547 2163 731 2239 Parisiis
761 2161 933 2236 annulus
963 2183 988 2234 a
1019 2159 1199 2251 Cissim,
1225 2159 1291 2233 die
1319 2156 1591 2243 lFebruarii3
1625 2154 1738 2234 diet
1766 2181 1791 2232 a
1810 2158 2021 2241 Bruttiano
2042 2168 2084 2242 in

244 2294 471 2373 Provincia
481 2320 497 2376 ;
534 2291 600 2365 die
622 2292 644 2363 t
666 2312 692 2361 a
709 2286 1038 2362 Futuemeursm
1063 2284 1231 2361 Vivatia·
1249 2295 1296 2360 ut
1311 2294 1352 2357 et
1370 2283 1483 2359 Bou}
1505 2281 1697 2358 Bmttm·
1722 2280 1789 2383 (3).

294 2414 494 2493 Pessimus
512 2435 609 2512 ergo
629 2411 839 2487 seeundum
856 2432 1003 2509 ponere
1017 2411 1374 2513 reapparitionem:

625 2595 743 2670 Anni
763 2594 878 2686 1790,
903 2593 972 2668 die
993 2594 1045 2672 29
1060 2593 1270 2672 Ianuarii
1289 2592 1394 2670 hera
1412 2589 1649 2691 vespertina
1667 2592 1702 2665 6.

294 2784 505 2862 Transibat
523 2804 597 2884 per
618 2780 783 2880 planum
799 2778 938 2854 annuli
959 2787 1072 2854 terra
1094 2797 1121 2855 a
1141 2776 1310 2856 meridie
1328 2776 1381 2854 ad
1397 2771 1727 2880 septemtrionem.

664 3028 984 3104 oismvmmrm
1009 3035 1128 3104 Aruus
1159 3027 1256 3104 1802
1281 3049 1327 3105 m
1354 3024 1723 3106 18⁰31rsr1rurrt.

919 3220 953 3299 1.
1003 3221 1159 3299 Prima
1178 3223 1411 3323 disparato.

301 3414 473 3491 videbat
504 3407 692 3486 Macrim
722 3407 788 3483 die
820 3411 868 3485 15
894 3407 957 3481 rel
987 3410 1035 3488 16
1069 3406 1298 3484 Deeembris
1328 3410 1423 3487 anni
1452 3410 1572 3503 1802,
1596 3432 1674 3512 ope
1706 3410 1795 3486 tubi
1826 3408 2085 3491 achromatioi

246 3541 390 3645 optimi
409 3538 587 3638 quinque
607 3532 776 3633 pedum,
800 3533 993 3607 annulum
1014 3532 1147 3611 adhue
1164 3545 1211 3613 ut
1227 3536 1394 3611 maxime
1409 3544 1618 3634 angustam
1640 3545 1680 3610 et
1697 3536 1871 3610 tenuiter
1889 3535 2087 3615 illuminas

247 3685 327 3748 tum
353 3669 520 3755 lineam
550 3662 655 3737 uude
668 3660 898 3759 judicabat,
925 3661 1037 3736 brevi
1057 3663 1147 3737 fore
1175 3674 1220 3739 ut
1240 3664 1339 3738 tubo
1361 3682 1434 3736 suo
1461 3662 1696 3760 dispareret.
1745 3662 1819 3738 Die
1853 3664 1904 3739 20
1930 3662 2088 3739 Deeem·

248 3799 334 3875 bris
352 3794 446 3872 inde
461 3792 513 3867 ab
532 3791 635 3866 hora
651 3787 848 3861 matutina
870 3790 896 3863 3
915 3809 1042 3883 usque
1064 3788 1118 3863 ud
1137 3800 1265 3864 ortem
1284 3811 1457 3865 aurorae
1477 3789 1692 3864 Saturnum
1713 3791 1948 3866 observabat
1967 3791 2088 3864 maxi·

250 3948 319 4002 ma
335 3918 564 4021 diligentia,
588 3913 665 4013 ipsi
699 3923 833 3986 autem
859 3936 939 3988 uon
971 3913 1117 3988 licebat
1142 3916 1306 3990 minima
1328 3913 1467 3989 annuli
1499 3915 1663 4010 vestigia
1678 3916 1925 4015 conspuere,
1949 3940 2087 4013 quam·

251 4056 311 4131 ris
334 4047 537 4128 interdum
556 4048 738 4143 putaretr
764 4040 820 4112 ita
842 4048 889 4112 ut
914 4039 1053 4115 annuli
1083 4040 1384 4140 disparitionem
1417 4036 1551 4116 (11019
1574 4039 1637 4116 rei
1664 4039 1717 4116 ad
1734 4063 1930 4118 summum
1954 4043 2085 4123 die2o

246 4202 385 4270 mane,
409 4171 686 4253 eonvenienter
705 4186 778 4241 sub
799 4166 897 4239 tubo
919 4178 1135 4243 assumeret
1156 4167 1223 4266 (1).

300 4303 416 4384 Unde
439 4302 509 4393 fit,
533 4307 580 4371 ut
607 4296 716 4370 illam
737 4293 930 4394 possimus
944 4317 1092 4393 ponere
1113 4295 1434 4406 disparitionem

615 4479 733 4556 Arimi
753 4478 873 4569 1802,
897 4477 966 4556 dte
987 4481 1033 4556 19
1053 4477 1292 4559 muru
1313 4480 1419 4555 Imm
1440 4479 1652 4556 nutatim
1673 4481 1711 4557 0.

299 4671 379 4753 Per
392 4665 531 4746 annuli
547 4664 709 4767 planum
729 4661 924 4737 transibat
939 4674 1051 4743 terra
1069 4684 1099 4742 a
1118 4666 1285 4745 meridie
1307 4661 1360 4740 ad
1378 4664 1712 4766 septemtrmnemt

274 4862 508 4892 ...ιι-ι·-

299 4994 348 5083 (1)
374 4991 472 5060 Nova
492 4997 574 5057 arta
592 4987 880 5080 Petropolitaua.
900 4976 997 5055 Tou.
1020 4981 1112 5058 vm.
1135 5010 1208 5079 pag.
1229 4989 1287 5057 29.

300 5100 349 5191 (2)
375 5102 491 5181 bart,
515 5101 661 5171 Astron.
680 5098 807 5167 Jahrb.
839 5099 939 5166 1793.
970 5120 1044 5189 pag.
1063 5100 1142 5169 204.

301 5215 351 5303 (3)
376 5212 471 5279 Bm
484 5259 497 5290 ,
518 5210 621 5282 lrtr.
641 5207 770 5281 Jahrb.
794 5212 858 5275 119
883 5255 893 5279 .
923 5232 998 5299 pag.
1015 5210 1091 5275 112.

299 5320 350 5411 (4)
374 5320 491 5399 Bou,
515 5319 615 5394 Δεῖν.
634 5318 763 5393 latri.
785 5319 884 5389 1808.
907 5340 982 5412 pag.
1003 5320 1066 5390 1³2
1086 5316 1216 5390 0130.
1238 5300 1362 5390 ‘Moe
1389 5310 1621 5407 corrmpatur:
1642 5314 1735 5486 ᾝΙ.
1760 5339 1834 5409 pag.
1854 5308 1933 5390 188.
2026 5272 2034 5325 '¹
