4970 6164
1199 496 1397 573 -218
1440 526 1514 554 -

503 688 650 769 Diebus
683 692 847 782 1o‚23‚
872 692 942 783 28,
967 693 1017 768 29
1045 688 1147 765 Julii
1173 699 1212 764 et
1235 693 1260 767 2
1280 691 1346 764 die
1374 689 1562 788 Augusti,
1594 692 1883 790 conspiciebant
1902 712 2053 788 semper
2068 688 2199 766 adhue
2226 691 2272 768 'n

456 818 687 894 oooidentali
709 819 846 892 annuli
862 819 966 891 linea
989 817 1102 890 valde
1126 816 1307 890 subtilem
1348 827 1389 890 et
1417 819 1601 892 obtusum
1621 798 1780 895 luminis
1806 820 2134 914 ennumquam
2161 827 2271 893 terra

451 944 584 1019 adhue
612 943 664 1017 ad
695 943 906 1016 australem
923 967 1110 1017 conversa
1125 953 1225 1016 esset
1242 944 1393 1018 faeiem.

501 1069 672 1144 Saturna
692 1067 836 1141 iterum
860 1090 884 1140 e
904 1068 1027 1143 radiis
1050 1070 1244 1144 solaribus
1260 1071 1499 1168 prodeunte,
1526 1070 1551 1144 3
1579 1067 1644 1143 die
1663 1070 1892 1149 Novembris
1919 1071 2048 1169 prima
2078 1069 2162 1146 vioe
2187 1069 2272 1168 pla·

451 1206 583 1274 natam
618 1194 774 1269 videbat
808 1193 1011 1272 Sonabrna
1032 1196 1107 1295 (1),
1142 1196 1350 1293 telesaopio
1367 1194 1654 1270 Schraderiano
1676 1199 1700 1274 7
1720 1199 1887 1296 pedum3
1911 1199 1962 1271 ab
1986 1207 2153 1293 utraque
2178 1220 2269 1294 par·

451 1333 491 1395 te
518 1323 732 1419 apparebat
761 1320 931 1395 annulus
968 1333 1015 1396 ut
1046 1332 1177 1414 reeta,
1211 1321 1279 1395 sed
1301 1323 1386 1419 jam
1430 1321 1563 1395 valida
1589 1322 1716 1416 linea,
1748 1347 1850 1422 quae
1875 1347 1955 1398 non
1988 1322 2040 1396 ab
2077 1321 2269 1402 ambabus

447 1445 629 1543 partibus
647 1445 827 1542 planetae
846 1468 1012 1537 annexa,
1053 1446 1171 1519 etiam
1192 1455 1362 1544 utroque
1389 1448 1512 1522 latere
1539 1447 1735 1523 salebrosa
1759 1446 2053 1544 inaequalisque
2070 1457 2166 1520 erat.
2218 1446 2265 1521 ln

449 1572 585 1646 annuli
615 1571 720 1645 linea
748 1570 951 1663 orientali,
979 1581 1026 1645 ut
1057 1579 1098 1643 et
1129 1570 1172 1644 ia
1195 1569 1426 1645 occidentali
1456 1594 1497 1646 se
1519 1570 1772 1648 ostendebant
1795 1577 1876 1651 duo
1899 1571 2070 1649 visibilia
2092 1574 2259 1667 puncta,

448 1705 494 1768 ut
510 1719 537 1768 α
559 1694 639 1767 etb
660 1694 754 1793 rig.
779 1697 840 1770 38.

495 1816 807 1917 Amplilieatione
837 1819 906 1909 80,
951 1818 1153 1894 orientalis
1191 1816 1327 1893 annuli
1365 1817 1468 1891 linea
1500 1818 1649 1894 lumine
1683 1829 1770 1896 orat
1803 1823 1974 1914 albiores,
2010 1817 2263 1899 occidentalis

442 1955 586 2021 eontra
620 1943 834 2017 obtusiore.
893 1942 980 2018 llae
1012 1946 1169 2019 omnino
1205 1945 1450 2017 eontrarium
1479 1944 1514 2018 ei
1548 1955 1664 2037 erat,
1695 1946 1805 2043 quod
1834 1948 1990 2023 viderat
2013 1947 2056 2020 in
2094 1947 2260 2022 australi

445 2071 581 2147 annuli
611 2069 733 2158 facia,
770 2068 831 2143 uti
861 2065 989 2139 laeum
1018 2068 1211 2142 habuerat
1249 2068 1291 2140 in
1324 2067 1662 2143 observationibus
1690 2069 1820 2166 primo
1847 2071 2023 2145 semestri
2049 2070 2258 2163 institutis,

443 2218 566 2293 quum
603 2195 743 2269 iisdem
775 2189 1019 2289 temporibus
1047 2192 1250 2268 orientalis
1282 2194 1419 2270 annuli
1451 2193 1554 2266 linea
1589 2193 1774 2267 subtilior
1805 2193 2082 2291 obtusiovaque
2112 2192 2261 2267 lumine

436 2343 560 2417 quam
581 2319 831 2394 accidentalis
862 2318 1049 2394 contiuuo
1079 2329 1309 2414 appareret;
1333 2317 1438 2392 uude
1471 2315 1650 2413 exiguam
1682 2315 1890 2415 utriusque
1918 2316 2055 2390 annuli
2068 2318 2176 2417 plani
2196 2317 2258 2395 ia·

434 2445 689 2523 dirutionem
705 2444 942 2540 opinabatur
960 2465 1001 2516 se
1020 2441 1289 2516 demonstrare
1300 2462 1412 2539 posse
1432 2437 1499 2535 (2).

488 2567 610 2643 Diel
644 2567 873 2644 Novembris
895 2566 1006 2640 bora
1031 2567 1246 2658 matutina,
1274 2564 1323 2641 74
1345 2542 1384 2636 et
1413 2565 1485 2639 110
1515 2559 1904 2656 amplificationibus,
1940 2560 2044 2637 idem
2087 2566 2259 2662 reperim

437 2691 507 2767 bat
528 2692 594 2791 (3).
643 2692 811 2768 Videbat
834 2711 992 2791 quoque
1020 2689 1154 2766 eadem
1183 2713 1223 2764 se
1253 2686 1499 2763 extendentia
1529 2692 1676 2779 puncta
1708 2706 1737 2758 o
1772 2692 1813 2756 et
1843 2686 1932 2761 bia
1960 2685 2190 2763 aeaidentali
2212 2699 2256 2764 et

437 2817 623 2893 orientali
640 2817 777 2891 annuli
791 2815 918 2902 linea,
942 2809 1080 2885 eodem
1103 2812 1310 2890 immutato
1341 2813 1498 2910 fixoque
1518 2809 1610 2886 situ.
1655 2810 1930 2905 lllaumerus,
1963 2810 2035 2910 qui
2055 2821 2142 2910 post
2161 2834 2252 2887 enm

431 2940 691 3031 observabat,
715 2941 820 3015 idem
841 2936 1073 3014 inveniebat.

484 3063 540 3139 Ut
558 3065 757 3163 singulare
777 3063 875 3164 quid
906 3067 1236 3138 commemoratur
1258 3057 1337 3162 (l),
1371 3067 1561 3160 punctum
1590 3060 1830 3140 oeeidentale
1856 3086 1885 3138 a
1904 3083 2011 3137 nane
2031 3059 2073 3134 in
2101 3055 2254 3133 boreali

434 3188 572 3264 annuli
593 3189 777 3287 planitie,
809 3189 957 3262 iterum
980 3184 1024 3259 in
1054 3182 1191 3258 eodem
1217 3186 1296 3260 situ
1326 3187 1548 3281 observari,
1572 3211 1652 3287 quo
1686 3187 1840 3262 tamdiu
1870 3186 2099 3260 observatus
2130 3179 2252 3257 Ilar-

432 3314 659 3413 diagiauur
676 3313 807 3388 nodus
828 3334 869 3386 se
898 3311 1114 3395 exserebat,
1139 3311 1353 3409 eodemque
1383 3311 1501 3389 modo
1530 3323 1677 3413 puncta
1696 3312 1720 3386 b
1739 3320 1779 3385 et
1800 3334 1823 3385 e
1843 3310 2008 3385 eundem
2032 3306 2075 3380 in
2097 3302 2250 3379 boreali

435 3437 572 3511 annuli
617 3435 783 3535 planitie
817 3457 1008 3532 oeeupare
1048 3436 1199 3526 laeum,
1234 3457 1314 3532 quo
1349 3456 1397 3509 ea
1420 3437 1574 3512 tamdiu
1602 3438 1646 3513 in
1677 3436 1840 3536 planitie
1872 3430 2038 3508 australi
2064 3428 2179 3505 firma
2208 3437 2250 3499 et

434 3557 642 3634 immutata
660 3560 957 3647 observaverat3
981 3558 1089 3656 quad
1108 3558 1280 3656 probare
1296 3557 1554 3658 opinabatur,
1578 3562 1668 3637 illos
1698 3559 1823 3638 nodos
1838 3579 1919 3631 esse
1936 3577 2025 3632 vere
2043 3551 2251 3652 prosilien-

433 3693 492 3757 tes
513 3705 673 3780 magnas
695 3684 992 3781 inaequalitates
1006 3690 1232 3772 montanas,
1256 3705 1374 3779 quae,
1399 3684 1583 3782 quoniam
1605 3707 1678 3783 per
1699 3688 1725 3761 5
1753 3683 2062 3758 observabantur
2080 3703 2245 3774 menses,

437 3810 498 3884 vel
516 3810 693 3909 proxime
723 3810 830 3908 parti
862 3807 1052 3884 anteriori
1084 3805 1352 3882 meridionalis
1384 3810 1520 3886 annuli
1550 3810 1729 3910 planitiei
1750 3811 1930 3908 jaceant,
1962 3821 2002 3884 et
2035 3817 2116 3883 tam
2145 3808 2248 3882 altae

432 3958 512 4010 esse
531 3936 720 4026 debeant,
744 3944 792 4010 at
817 3960 842 4009 a
861 3936 942 4010 sole
962 3935 1033 4034 qui
1053 3933 1111 4008 ibi
1141 3955 1270 4007 mense
1289 3932 1412 4011 Junio
1429 3937 1515 4033 jam
1540 3935 1759 4028 occiderat,
1780 3935 1909 4012 adhue
1930 3945 2086 4036 possent
2101 3935 2247 4009 illumi·

432 4062 544 4152 uari,
566 4061 650 4154 vel,
675 4061 784 4159 qnod
809 4059 885 4159 ipsi
905 4058 1170 4136 verosimilius
1188 4059 1418 4157 videbatur,
1441 4064 1489 4139 ia
1510 4062 1697 4139 umbobau
1720 4062 1860 4164 pano
1889 4070 1938 4139 ut
1957 4084 2111 4138 manaa
2133 4084 2246 4136 mon·

431 4191 552 4257 tunae
577 4186 781 4282 prosilire.

476 4308 550 4384 Die
576 4309 846 4387 bNovembris
875 4307 927 4412 (5)
956 4309 1063 4386 idem
1090 4307 1321 4409 reperiebat.
1377 4308 1453 4388 Sed
1479 4306 1593 4388 valde
1617 4310 1871 4390 memorabile
1898 4311 1976 4414 ipsi
2006 4311 2243 4405 videbatur,

470 4687 519 4777 (1)
542 4686 720 4779 Kroaagr.
740 4685 890 4779 Fragor.
919 4684 981 4757 l'b.
999 4687 1028 4757 1.
1058 4711 1134 4782 pap.
1158 4690 1233 4761 171.

470 4798 519 4886 (2)
544 4798 674 4867 confer.
698 4794 778 4887 Gap.
803 4797 844 4865 V.
875 4799 906 4884 §.
930 4800 986 4867 23.

470 4906 519 4997 (3)
542 4906 720 4999 Kronagr.
739 4905 910 4998 fragm„
935 4904 999 4981 Th.
1014 4906 1044 4980 Ι.
1073 4930 1148 5003 pap.
1168 4911 1243 4982 172.

468 5015 519 5104 (4)
541 5014 695 5098 Ibidem,
723 5037 797 5108 pap.
817 5017 893 5087 174.

464 5123 516 5216 (5)
539 5123 695 5210 Ibidem,
724 5147 798 5220 pap.
818 5127 894 5198 1⁷5.
