4970 6164
901 1308 1383 1425 cartili.

839 1609 900 1667 M
935 1608 1109 1665 ΑΙΠΗ
1142 1604 1435 1665 berlum.

1084 1882 1118 1983 ξ.
1159 1885 1190 1957 1.

271 2097 408 2197 Capite
428 2097 684 2196 praevadante
705 2101 879 2178 vidimus
897 2126 1016 2178 unam
1040 2125 1087 2179 ex
1111 2100 1334 2201 praecipuis
1355 2096 1647 2175 conditiom‘bus
1666 2099 1718 2174 ad
1743 2099 1905 2177 Saturni
1928 2125 2053 2177 anuu-

223 2220 355 2295 lorum
379 2223 712 2298 conservationem
732 2250 837 2320 esse,
860 2229 970 2326 quod
989 2228 1154 2303 celerem
1176 2225 1350 2322 aliquem
1374 2223 1482 2299 eirca
1503 2247 1614 2300 axem
1637 2236 1788 2301 motum
1808 2229 2050 2303 rotatorinm

222 2346 414 2436 habeant3
438 2358 591 2425 caterae
613 2354 921 2429 conservationis
940 2351 1184 2429 conditiones
1203 2349 1376 2447 perfecte
1387 2373 1477 2424 cum
1493 2350 1834 2425 observationibus
1852 2353 2053 2427 convenie-

223 2470 331 2548 bant.
378 2474 439 2546 An
460 2473 620 2570 quidam
644 2481 793 2555 rotatio
820 2503 962 2557 revera
976 2480 1106 2555 locum
1127 2473 1284 2548 habeti

271 2593 392 2668 Putat
412 2595 567 2672 cisson
592 2597 646 2697 (1)
665 2622 707 2673 sa
724 2624 872 2700 ponera
890 2624 1007 2701 possa
1037 2598 1228 2673 annuum
1256 2604 1440 2670 constare
1461 2618 1507 2669 ex
1530 2596 1744 2671 satellitum
1771 2597 2054 2672 accumulatio·

222 2740 298 2808 ne‚
323 2717 395 2815 qui
414 2719 456 2792 in
475 2732 698 2797 ceterorum
716 2728 931 2801 satellitum
949 2726 1069 2825 plano
1100 2722 1169 2796 siti
1190 2729 1299 2812 sumt,
1324 2730 1445 2831 atque
1467 2720 1743 2797 convenienter
1761 2720 1941 2797 Kartum
1958 2722 2055 2820 legi·

223 2844 297 2918 bus
317 2843 601 2922 revolutionem
626 2851 734 2924 circa
750 2851 947 2948 planetam
966 2852 1189 2949 perficiunt.

271 2970 410 3045 Droms
443 2992 497 3044 on
524 2972 672 3048 suom
695 2977 746 3075 (2)
780 2975 894 3049 valde
917 2974 1092 3050 modesta
1115 2976 1239 3063 dicit,
1276 2996 1340 3065 se,
1377 2974 1410 3048 si
1440 2972 1516 3047 sibi
1550 2973 1712 3061 liceret,
1750 2969 1902 3068 aliquas
1922 2967 2053 3043 facere

223 3094 491 3191 conjecturas,
515 3096 709 3194 suspicari
744 3121 876 3172 omnes
908 3102 1044 3175 annun
1073 3111 1207 3200 partes
1238 3123 1320 3173 essa
1349 3099 1540 3173 animatas
1572 3096 1613 3170 vi
1642 3096 1885 3191 ceutrifirga‚
1911 3093 2054 3169 idonea

224 3230 272 3293 ut
291 3220 334 3293 iu
353 3218 591 3316 aequilibrio
612 3232 833 3314 manerent,
859 3224 943 3299 sine
970 3250 1070 3323 qua,
1095 3227 1313 3302 timendum
1338 3233 1456 3311 esset,
1480 3243 1530 3295 na
1558 3242 1713 3319 semper
1732 3242 1851 3318 agens
1879 3220 2054 3317 gravita-

223 3344 379 3433 tiaris,
412 3365 501 3418 mox
524 3353 607 3418 tam
637 3346 837 3445 singulam
866 3358 1037 3423 naturae
1066 3375 1165 3450 opus
1198 3352 1359 3426 doleret.
1407 3347 1517 3447 Quae
1549 3347 1760 3437 sententia,
1792 3347 1947 3444 inquit,
1971 3370 2053 3421 uon

224 3478 283 3541 est
302 3492 425 3560 nora,
448 3470 635 3564 quoniam
654 3469 706 3544 de
735 3494 782 3547 aa
805 3475 891 3573 jam
921 3476 1157 3550 mentionem
1192 3475 1388 3551 faciebant
1417 3470 1625 3562 Mamor,
1661 3469 1837 3564 Crssmr,
1871 3472 2053 3549 Garcom

225 3601 265 3666 et
284 3615 336 3668 ou
357 3592 624 3668 Mlurnarms.

275 3716 373 3793 Inde
396 3739 445 3794 aa
465 3716 595 3794 Laron
616 3719 668 3821 (3)
696 3723 844 3799 annulo
875 3723 1113 3800 rotationem
1147 3744 1229 3797 esse
1259 3719 1486 3810 concludit,
1511 3720 1698 3816 quoniam
1732 3743 1828 3796 ansa
1849 3720 2052 3797 orientalis

226 3839 294 3914 die
312 3838 497 3947 Octobris
518 3845 546 3920 9
566 3847 661 3920 anni
684 3846 780 3925 1714
800 3850 926 3924 latior
940 3848 1157 3946 apparabat
1187 3846 1442 3934 occidentali,
1467 3852 1508 3917 et
1538 3851 1670 3919 tamen
1699 3844 1765 3920 dia
1799 3847 1847 3921 12
1865 3843 2050 3920 Octobris

225 3965 356 4065 prima
375 3964 603 4065 disparebat
620 3969 691 4070 (1);
713 3974 846 4070 quod,
876 3982 923 4046 ut
951 3972 1069 4068 dicit,
1094 3973 1231 4049 anmrli
1256 3970 1494 4046 rotationem
1518 3967 1744 4066 significare
1763 3968 1946 4055 vilmar,
1970 3970 2053 4066 que

228 4091 298 4183 fit,
323 4101 370 4166 ut
389 4092 483 4186 illa,
506 4114 611 4193 quae
629 4095 864 4171 maximead
886 4097 1045 4173 oculum
1072 4099 1202 4198 vergit
1220 4120 1339 4196 pars,
1363 4120 1389 4171 a
1411 4095 1550 4171 dextra
1568 4091 1621 4168 ad
1657 4093 1856 4168 sinistram
1877 4102 2053 4168 transeat

225 4224 393 4421 affl·
423 4342 491 4445 (5)
531 4365 578 4421 ao
612 4343 747 4421 firmat
785 4341 1056 4445 hypothesin,
1097 4342 1288 4422 annuum
1330 4359 1470 4440 nempe
1507 4340 1637 4417 rotari
1653 4392 1666 4433 ‚
1711 4347 1759 4414 nt
1804 4346 1953 4418 statuat
1992 4343 2053 4417 val

228 4566 449 4593 m

272 4690 324 4779 (1)
348 4690 444 4761 Men
462 4687 505 4757 da
521 4689 663 4762 l'lood.
684 4691 745 4760 aa
766 4692 949 4777 δσίαιοοε,
972 4696 1076 4762 anaia
1094 4690 1289 4763 MDGGXV.
1311 4711 1387 4782 pag.
1408 4692 1466 4761 47.

272 4800 324 4888 (2)
346 4802 464 4870 Batai
479 4823 543 4867 aar
558 4802 610 4868 lae
621 4804 785 4894 phiatam.
805 4805 870 4873 rel.
888 4828 962 4871 aaa
979 4803 1075 4895 disp.
1089 4801 1237 4895 period.
1253 4799 1296 4868 da
1313 4801 1476 4866 amm
1494 4797 1538 4869 de
1562 4799 1736 4883 Saturae,
1766 4823 1844 4894 pag.
1863 4818 1900 4870 n
1920 4811 1954 4872 at
1970 4804 2051 4877 101.

266 4912 317 5000 (3)
341 4911 449 4981 Mam.
479 4910 523 4979 do
552 4913 696 4980 I'Aoad.
720 4913 811 5001 Iloy.
827 4915 889 4981 dae
914 4912 1098 4995 Soicacaa,
1125 4910 1227 4981 ababa
1249 4907 1527 4984 uectum.

273 5021 324 5109 (4)
346 5020 501 5104 Ibidem,
525 5025 627 5089 annea
646 5023 841 5093 nnccxt.
868 5047 943 5116 pag.
967 5027 1024 5097 12.

274 5131 325 5225 (t)
347 5132 494 5205 Aaou.
512 5130 640 5205 latro.
660 5136 760 5204 17⁸6.
781 5156 857 5227 pap.
877 5135 954 5207 111.
