4970 6164
953 514 1273 595 -228-

202 730 304 792 rum
326 722 457 815 partes
478 711 522 787 in
543 731 622 787 nno
643 707 761 810 plano
781 709 877 785 ritae
901 730 984 785 esse
1017 711 1232 803 statuebat,
1254 710 1462 811 designans
1479 735 1553 814 per
1582 713 1629 804 R¹
1650 726 1690 792 et
1708 715 1778 807 lt,n
1805 716 2011 792 interiores

209 855 330 941 atque
348 864 420 940 per
448 839 508 927 R„
527 847 568 912 et
588 836 654 926 Β..
673 835 884 911 exteriores
913 836 1122 934 utriusque
1150 839 1289 914 annuli
1307 840 1453 916 radios.
1502 839 1702 917 Abscissae
1724 845 1764 917 in
1781 845 1928 941 majore
1945 840 2009 919 exi

204 968 391 1066 eiiipeeoa
417 961 554 1039 annuli
586 961 679 1035 iude
703 960 754 1033 ab
786 958 922 1034 annuli
952 968 1088 1034 eentro
1119 975 1347 1063 eomputata
1373 994 1417 1036 =
1441 988 1474 1040 m
1503 987 1669 1064 ponens,
1700 966 2010 1041 illuminatarum

204 1094 383 1192 partium
404 1087 626 1188 quantitas,
650 1107 751 1184 quae
776 1087 820 1160 iu
846 1086 1104 1163 absoiaearum
1127 1090 1231 1165 linea
1263 1086 1643 1191 perpendiculariter
1667 1099 1796 1163 erecta
1824 1092 2008 1166 ordinata

210 1216 366 1315 ysitae
401 1224 513 1306 sunt,
550 1213 660 1311 quod
697 1211 838 1287 attinet
881 1213 934 1288 ad
964 1215 1152 1315 quodque
1185 1226 1375 1316 punctum
1403 1240 1458 1308 x,
1482 1213 1656 1313 sequenti
1690 1214 1860 1290 formula
1889 1217 2012 1292 couti·

205 1351 350 1416 nentur
1140 1394 1143 1399 -
1996 1360 1999 1367 ⁴

393 1486 423 1563 ll
446 1490 492 1535 =
517 1462 1817 1569 Vim.-ffl·Vffl²1-oe⁸)†V(R⁸¹‚-x’)-V(R⁸m-x²).

251 1623 418 1724 Quando
442 1625 644 1700 intuemur
668 1623 770 1697 hane
801 1622 1032 1717 formulam,
1056 1650 1141 1702 eam
1169 1610 1347 1706 videmus
1374 1627 1576 1704 fundatam
1606 1626 1649 1698 iu
1679 1624 1853 1715 theoria,
1885 1651 2004 1724 quam

200 1747 381 1827 Barnous
404 1750 563 1841 statuit,
586 1771 747 1847 eamque
766 1750 905 1825 haberi
923 1774 1034 1848 posse
1064 1754 1170 1829 velut
1202 1754 1472 1855 aequationem
1490 1773 1633 1828 cumae
1651 1752 1694 1824 in
1713 1752 1806 1850 Fig.
1826 1754 1884 1828 10.
1930 1751 2002 1826 lle·

201 1874 318 1966 latio,
343 1899 461 1974 quam
487 1878 581 1952 haee
603 1874 786 1974 aequatio
801 1876 1004 1975 exprimit,
1028 1902 1180 1980 semper
1196 1882 1331 1957 eadem
1351 1887 1502 1969 manet,
1526 1901 1644 1974 quam
1666 1888 1831 1974 angrrsta
1846 1901 2002 1975 quoque

199 2000 345 2098 'ellipsis
364 2001 500 2076 annuli
519 2003 608 2094 fiat,
633 2011 751 2099 atque
769 2012 979 2099 propterea
1003 2012 1099 2080 tuno
1120 2027 1278 2101 quoque
1303 2003 1435 2077 locum
1460 2002 1600 2091 habet,
1625 1999 1782 2099 quando
1801 2023 1847 2074 ea
1866 2003 1907 2076 iu
1925 2003 2002 2077 exi-

198 2150 279 2223 gua
300 2128 404 2201 oculi
421 2127 634 2203 elevatione
653 2137 763 2201 trans
791 2128 928 2203 annuli
950 2128 1090 2203 faeiem
1122 2131 1416 2205 nobistantum
1442 2135 1489 2201 nt
1507 2126 1635 2201 tenuis
1663 2124 1804 2200 duetus
1826 2140 2002 2225 apparet.

196 2251 261 2325 lta
290 2264 338 2328 ut
367 2254 573 2328 iniensitas
606 2253 764 2327 luminis
792 2262 1063 2352 separatorum
1091 2264 1330 2352 punctorum
1349 2276 1383 2326 sc
1402 2253 1444 2326 in
1465 2253 1568 2325 ansis
1589 2252 1631 2325 in
1658 2252 1846 2326 relatione
1867 2276 1999 2351 eumy

196 2378 285 2451 sint.
334 2380 456 2475 Atqui
477 2403 552 2478 pro
575 2405 623 2478 y,
647 2389 693 2453 ut
712 2379 893 2452 etiamen
916 2378 1046 2475 figura
1071 2402 1276 2477 possumus
1306 2378 1455 2469 videre,
1480 2378 1522 2451 in
1552 2400 1788 2475 unaquaque
1816 2401 1910 2451 ansa
1931 2379 1999 2452 ad·

195 2512 287 2578 sunt
308 2503 387 2577 duo
409 2507 577 2579 maxima
598 2515 717 2601 atque
746 2527 869 2577 unum
895 2501 1110 2579 minImum.
1159 2503 1214 2580 Ut
1244 2504 1355 2580 nobis
1375 2523 1596 2601 proponere
1624 2503 1814 2601 possimus
1841 2502 1999 2577 luminis

190 2627 367 2725 partium
390 2630 635 2704 diversarum
657 2651 840 2703 ansarum
869 2628 1149 2725 intemitatem,
1173 2630 1392 2709 Ouramma
1421 2628 1633 2706 mundum
1662 2627 1830 2704 Srnuvm
1850 2627 1996 2702 dimen-

190 2752 339 2847 siones,
363 2756 511 2831 scilieet

379 2909 543 2983 Saturni
562 2908 839 3005 aequatorialis
854 2909 990 2984 radius
994 2959 1490 2993 .........
1514 2936 1562 2983 =
1609 2907 1740 3003 8’,906

381 3033 566 3109 Internus
590 3033 791 3108 interioris
811 3035 948 3113 annuli
966 3036 1104 3113 radius
1123 3039 1204 3115 sire
1226 3037 1274 3131 R.
1354 3094 1365 3118 .
1411 3095 1423 3116 .
1475 3063 1560 3117 .=
1584 3039 1632 3113 13
1655 3038 1742 3129 ,331

380 3159 572 3234 Externus
690 3188 706 3233 t
877 3189 895 3237 t
1044 3193 1059 3240 t
1158 3163 1286 3257 511,
1359 3164 1741 3255 ...=17‚238

381 3282 564 3360 Internus
585 3286 790 3361 exterioris
874 3315 892 3361 t
1037 3317 1054 3365 t
1153 3321 1170 3365 ι
1220 3290 1294 3382 ll¹¹¹
1351 3332 1363 3364 ι
1412 3345 1421 3362 .
1470 3313 1555 3364 .=
1579 3290 1628 3367 17
1651 3292 1737 3380 ,615

377 3409 570 3486 Efflm
688 3440 705 3485 t
876 3442 893 3486 ι
1040 3415 1735 3507 ruffi..:fflffl

182 3572 405 3659 sequentem
424 3564 599 3638 tabulam
614 3566 873 3664 computavit,
898 3576 1018 3666 atque
1036 3569 1101 3646 hie
1119 3568 1280 3646 luminis
1296 3569 1560 3646 inteneitatem
1581 3592 1765 3645 ansarum
1791 3568 1988 3646 immedia-

182 3696 226 3761 te
245 3689 296 3764 ad
314 3689 493 3790 planetae
510 3691 726 3787 marginem
753 3712 800 3764 =
822 3694 932 3784 1,000
950 3697 1151 3771 assumsit:

373 3875 405 3925 ω
428 3877 475 3923 =
522 3847 653 3941 &2996
703 3907 712 3923 .
764 3906 773 3924 .
825 3907 833 3925 .
879 3851 1083 3931 intensius
1101 3856 1263 3932 luminis
1288 3882 1330 3926 =
1360 3858 1472 3948 1,000

494 3978 651 4067 11,000
698 4028 1248 4069 ..........
1360 3984 1469 4070 1,113

495 4099 542 4177 12
565 4104 652 4194 ,500
702 4154 1011 4182 ......
1015 4106 1019 4113 ’
1062 4164 1072 4185 .
1123 4166 1132 4183 .
1182 4163 1192 4185 .
1240 4158 1253 4184 .
1362 4110 1471 4196 1,386

490 4228 541 4304 13
562 4229 649 4319 ,331
695 4281 1244 4310 ..........
1354 4229 1460 4319 1,886
1481 4229 1686 4307 maximam
1707 4233 1874 4329 primam

495 4355 543 4430 15
565 4356 652 4443 ,000
699 4407 1249 4434 ..........
1357 4356 1465 4445 1580

492 4478 541 4554 16
563 4479 650 4567 ,000
692 4504 723 4551 .’
754 4530 1246 4558 .........
1355 4479 1464 4568 1125

492 4599 540 4676 17
563 4602 649 4692 ,238
697 4656 1251 4687 ..........
1360 4605 1472 4694 0,560
1493 4604 1694 4682 minimam

489 4725 538 4802 17
561 4728 648 4818 ,615
693 4781 1245 4815 ..........
1354 4728 1463 4822 1251
1486 4732 1692 4810 maximam
1711 4731 1918 4813 amendam

487 4850 1239 4942 18,500..........4
1347 4857 1454 4940 1016

309 5062 314 5073 ,
487 4978 535 5053 10
555 4977 644 5068 ,000
692 5034 1245 5067 ..........
1350 4984 1461 5072 nam

487 5100 539 5179 20
561 5103 648 5195 ,018
694 5158 1250 5187 ..........
1350 5109 1464 5202 0000
