4970 6164
1255 450 1569 541 mmm

510 648 683 737 emmelim
706 648 917 725 intervalla
938 658 1069 725 tamen
1091 647 1371 747 plerommque
1390 655 1472 721 tam
1499 652 1667 742 ungunta
1686 653 1833 735 essem,
1855 654 1903 721 at
1921 644 2310 725 volendum-teletae·

508 777 586 876 piis
606 776 706 851 duos
721 783 874 849 tantum
898 774 1063 849 annulos
1084 775 1259 849 diversos
1276 774 1497 847 discernere
1508 793 1717 866 queamus,
1742 772 1812 867 qui
1834 783 2002 870 propter
2023 773 2311 849 irradiationem

507 924 583 1001 per
607 903 736 979 minus
763 901 889 975 fortes
918 898 1146 996 telesoopios
1179 899 1222 973 in
1251 920 1374 975 unum
1397 897 1614 973 coalescant
1644 898 1857 973 annulum.-
1892 898 1999 974 lllud
2031 899 2167 975 eodem
2184 903 2314 995 modo,

505 1028 617 1127 qnod
638 1028 693 1101 ad
708 1027 819 1103 Jovis
845 1027 1030 1101 satellites
1048 1026 1211 1115 attinet,
1236 1023 1455 1114 obtineret,
1481 1022 1515 1098 si
1537 1023 1703 1122 quisque
1722 1025 1873 1099 satelles
1893 1025 1937 1101 iu
1955 1049 2030 1100 suo
2050 1028 2216 1123 vestigio
2234 1050 2317 1102 eon-

507 1156 665 1230 tinuum
682 1154 922 1251 relinqueret
944 1152 1095 1240 lumem
1121 1175 1199 1250 quo
1225 1150 1361 1241 fieret,
1385 1159 1432 1222 ut
1449 1149 1509 1225 illi
1532 1148 1588 1223 sic
1604 1149 1721 1224 divisi
1739 1152 1897 1243 annuli,
1922 1162 1969 1229 nt
1987 1161 2026 1224 et
2053 1153 2130 1227 hae
2145 1154 2317 1246 orbitae,

508 1281 685 1356 diversas
698 1277 968 1354 inclinationes
985 1278 1036 1352 ad
1060 1287 1312 1375 aequatorem
1336 1275 1517 1373 planetae
1539 1275 1750 1363 haberent3
1775 1300 1913 1351 eorum
1944 1279 2216 1355 inclinationes
2237 1304 2318 1356 suo·

508 1430 679 1505 mmquo
705 1405 901 1480 nodorum
931 1405 1029 1478 situs
1066 1428 1162 1503 ergo
1197 1404 1241 1479 in
1267 1402 1356 1500 plus
1384 1402 1446 1475 vel
1473 1401 1603 1479 minus
1621 1401 1818 1499 longiores
1840 1413 2094 1479 mutarentur
2115 1406 2320 1501 periodos,

509 1556 611 1631 quae
647 1532 862 1605 necessario
896 1530 1031 1628 plures
1058 1530 1413 1628 complecterentur
1446 1551 1586 1617 annos3
1618 1528 1834 1607 identidem
1863 1551 2001 1607 eorum
2020 1540 2157 1607 eontra
2174 1531 2319 1605 ciromn

510 1656 610 1732 illud
631 1655 793 1731 Saturni
814 1655 1114 1744 osoillarentur;
1137 1679 1217 1754 qno
1230 1677 1423 1751 apparens
1445 1655 1575 1751 figura
1599 1655 1744 1731 horum
1766 1655 2004 1731 etmalorum
2029 1655 2148 1729 simul
2169 1659 2322 1733 variare

509 1783 681 1857 deberet.
731 1780 954 1857 Rotationis
976 1793 1106 1856 motus
1135 1800 1215 1856 non
1245 1780 1456 1855 visibiliter
1473 1781 1575 1853 banc
1592 1780 1761 1878 figuram
1780 1790 1970 1869 mutaret3
1996 1783 2180 1879 quoniam
2205 1806 2251 1857 eo
2269 1785 2324 1867 nil

507 1908 619 1983 uliud
641 1907 883 2000 efficeretur,
908 1931 1028 2004 quam
1044 1917 1091 1981 ut
1109 1907 1237 1985 altera
1259 1905 1389 1981 lumem
1412 1907 1600 2004 praebens
1621 1928 1714 2003 pars
1733 1929 1823 1981 οιιιιι
1841 1906 1969 1983 altera
1988 1917 2320 2001 commutaretur,

508 2033 671 2131 quaein
693 2032 828 2106 eodem
849 2035 925 2107 sita
947 2044 1005 2107 est
1029 2034 1159 2132 plano.
1208 2032 1335 2128 Atque
1354 2031 1471 2105 valdo
1486 2032 1692 2130 probabile
1704 2040 1792 2122 est,
1816 2032 1947 2129 inquit
1970 2054 2015 2105 ul
2036 2035 2186 2125 Pater,
2210 2037 2323 2134 phae-

507 2176 678 2235 nomena
698 2180 725 2229 a
748 2157 978 2235 δοιιιιὸιιιιο
1000 2160 1226 2247 observata,
1250 2156 1395 2231 talibus
1424 2180 1507 2231 esso
1534 2159 1819 2233 variationibus
1846 2157 2117 2235 adscribenda.
2163 2159 2205 2234 Si
2222 2162 2324 2235 enirn

508 2307 633 2358 unum
662 2283 724 2356 rel
750 2283 922 2360 alterum
945 2292 1043 2356 esset
1060 2282 1325 2355 illuminatum
1355 2291 1566 2379 punctum,
1599 2283 1707 2380 quod
1734 2284 1808 2359 uni
1829 2281 2060 2383 partialium
2089 2287 2325 2375 annulorum

508 2410 679 2485 tirmiter
696 2409 951 2500 adhaereret,
974 2430 1125 2482 neeesse
1143 2417 1259 2496 esset,
1287 2416 1334 2483 ut
1355 2407 1431 2483 boc
1452 2418 1641 2503 punctum
1660 2432 1784 2506 aeque
1796 2409 1878 2484 cito
1896 2431 1937 2482 se
1957 2421 2152 2497 moveret,
2174 2437 2224 2489 ao
2240 2416 2326 2514 ipso

509 2534 696 2619 ananim,
727 2536 939 2633 paucisque
960 2534 1073 2609 boris
1107 2533 1226 2609 astum
1256 2554 1371 2606 suum
1393 2543 1549 2611 mutare
1577 2534 1781 2613 videremur
1842 2532 1957 2615 Unde
1983 2537 2164 2636 sequitttr
2178 2553 2329 2640 pumma

508 2662 562 2736 ab
583 2660 833 2736 limonario
852 2660 1059 2737 observata
1078 2659 1194 2734 valde
1219 2658 1479 2756 probabiliter
1500 2658 1620 2757 hujus
1640 2661 1760 2737 luisse
1778 2668 1957 2745 naturae⁴
2320 2712 2324 2721 ι
2436 2642 2437 2673 ¹

512 2868 520 2883 ‚
561 2786 637 2862 llio
650 2787 813 2885 insuper
826 2787 974 2863 addere
994 2808 1218 2886 possumus,
1245 2782 1359 2858 valde
1378 2785 1538 2881 quidem
1553 2786 1774 2863 verosimile
1790 2808 1873 2861 esso
1893 2811 2025 2887 possm
2046 2810 2122 2888 per
2142 2793 2329 2892 origum
2439 2756 2441 2829 l

506 2913 561 2988 ad
576 2935 616 2987 se
631 2913 801 2988 invicem
816 2913 982 2989 annvdos
1000 2913 1146 2989 habero
1166 2909 1479 3002 inclinationem,
1503 2936 1605 3010 quae
1624 2913 1741 2991 nimis
1760 2935 1886 3012 parva
1898 2924 1985 3007 est,
2008 2938 2125 3013 quam
2137 2929 2184 2999 ut
2200 2920 2332 3005 latero

508 3039 645 3115 annuli
674 3038 799 3139 plano.
824 3040 1078 3128 observatum,
1112 3036 1221 3134 cuod
1252 3036 1357 3113 leurs
1375 3037 1542 3135 planum·
1565 3040 1678 3119 nobis
1705 3050 1800 3121 tuno
1823 3039 1982 3119 vitatur
2009 3044 2168 3123 omnim
2184 3069 2328 3146 mque

508 3165 699 3253 bileesse3
725 3165 822 3241 dum
843 3176 1005 3256 uonna,
1030 3164 1189 3264 quando
1206 3163 1397 3237 annulum
1413 3188 1438 3238 a
1460 3168 1636 3264 margine
1655 3190 1725 3241 suo
1742 3177 1908 3264 ungento
1928 3167 2185 3268 adspicimus,
2203 3197 2326 3255 annu·
2446 3172 2447 3219 ³

508 3292 573 3367 lus
594 3291 775 3389 partialis
805 3292 907 3365 alter
926 3313 1049 3390 supra
1065 3290 1235 3363 alterum
1255 3290 1460 3388 paululum
1483 3293 1667 3383 emineat3
1692 3293 1872 3389 illudque
1886 3293 2014 3391 ipsum
2036 3319 2118 3371 esse
2136 3311 2326 3397 punctum

512 3418 705 3509 eminenS,
741 3417 850 3514 qnod
882 3416 1084 3491 Sonabrnn
1125 3416 1287 3511 ejusque
1320 3416 1635 3491 coiibservatores
1675 3440 1828 3516 semper
1859 3430 2162 3523 constanterque
2190 3429 2323 3502 eodem

511 3542 602 3619 loeo
632 3543 838 3633 viderent,
871 3542 1087 3637 ridereque
1117 3539 1321 3627 deberent3
1357 3541 1543 3637 quoniam
1571 3566 1644 3642 per
1674 3545 1812 3621 annuli
1838 3547 2073 3627 rotationem
2096 3553 2320 3628 universum

510 3667 647 3757 annuli
666 3669 828 3765 planum
849 3665 1060 3740 relativum
1080 3687 1193 3737 suum
1218 3665 1336 3741 situm
1357 3668 1574 3760 retinebat,
1598 3692 1679 3767 quo
1708 3671 1851 3763 fiebat,
1874 3682 1921 3746 ut
1948 3675 2045 3749 talia
2063 3676 2325 3775 phaenomena

510 3815 664 3893 semper
686 3793 822 3867 eadem
851 3791 1067 3868 necessario
1096 3801 1310 3867 manerent.
1358 3791 1424 3866 Ita
1452 3796 1613 3892 quidem
1634 3798 1846 3872 seeundum
1865 3798 1968 3876 hauc
1993 3802 2187 3879 theoriam
2220 3803 2324 3879 duaa

510 3920 601 4009 illae
626 3920 871 3995 illuminatae
901 3917 1077 3994 maculae
1104 3916 1148 3990 iu
1170 3916 1305 3991 eedem
1330 3930 1447 4017 parte
1482 3921 1642 3999 Saturni
1660 3923 1784 3997 abiis
1800 3924 2046 4021 observatae,
2070 3928 2328 4026 suspioionem

512 4046 701 4125 inducere
721 4054 901 4144 possent,
925 4046 969 4119 iu
994 4043 1128 4142 plures
1149 4043 1315 4119 annulos
1340 4044 1531 4122 annulum
1557 4069 1637 4122 esse
1670 4047 1864 4142 divinum,
1888 4052 2017 4150 quod,
2048 4065 2097 4129 nt
2121 4065 2237 4130 antea
2270 4058 2326 4132 ri·

509 4171 668 4261 dimns,
702 4170 906 4269 probabile
928 4180 1000 4246 est.

1385 4360 1419 4465 ι.
1457 4368 1515 4443 10.

510 4608 516 4619 -
564 4560 784 4639 Secundum
800 4556 1030 4634 ommium
1051 4586 1130 4639 non
1152 4582 1302 4639 necmse
1320 4572 1398 4653 est,
1421 4573 1469 4637 nt
1486 4562 1579 4650 illa,
1601 4586 1707 4662 quae
1719 4587 1762 4642 se
1783 4569 1896 4647 nobis
1922 4590 1971 4642 eo
1990 4569 2081 4649 loco
2101 4577 2328 4672 ostendunt,

515 4698 562 4766 ut
589 4686 852 4786 prominentia
884 4683 1017 4761 lueida
1053 4696 1215 4783 punctu,
1250 4685 1328 4760 sint
1364 4687 1549 4765 notabilis
1581 4695 1804 4788 apparentis
1837 4697 2120 4794 magnitudinis
2155 4702 2328 4799 objecta,

508 4810 638 4909 quum
657 4812 818 4911 quidem
837 4810 955 4886 etiam
977 4805 1116 4883 annuli
1134 4830 1214 4884 esse
1237 4823 1403 4907 possunt
1424 4823 1580 4914 partes,
1603 4837 1708 4913 quae
1734 4818 1859 4895 multo
1877 4820 2070 4898 viridiora
2087 4824 2176 4899 lnce
2194 4826 2332 4905 oeulos

518 4945 675 5014 neuros
701 4934 894 5025 afficiant,
928 4940 1048 5031 atque
1069 4932 1128 5008 ita
1159 4934 1273 5011 nobis
1296 4958 1338 5012 se
1359 4937 1526 5038 majores
1548 4948 1789 5037 monstrent,
1812 4943 1907 5023 lieet
1938 4969 2017 5025 non
2052 4945 2163 5022 ultra
2190 4949 2330 5026 latiu-
