5032 6170
1214 533 1520 612 ...172⁶-

459 722 645 818 praebeat
667 724 776 798 orbis
798 722 919 800 annui
950 719 1182 824 parabatis,
1207 738 1337 824 potest
1361 734 1492 803 umen
1522 725 1593 802 illa
1617 724 1777 800 omnino
1804 744 1882 797 non
1912 730 1991 796 tam
2018 742 2160 818 magna
2175 742 2278 813 esse,

457 858 507 918 ut
539 850 807 926 constituatur
833 876 859 926 a
886 853 1062 929 8111111110
1097 853 1255 928 inventa
1293 855 1574 929 excentricitas
1631 849 1859 950 Optandum
1887 856 2017 923 tamen
2047 858 2200 939 manet,
2234 860 2278 922 ¹11

460 985 555 1047 sunt
578 973 771 1053 Onernsn
798 978 940 1069 verba,
965 980 1036 1051 has
1058 999 1217 1075 quoque
1244 980 1533 1054 observationes
1557 977 1769 1076 diligenter
1798 976 2024 1065 instituant,
2061 974 2220 1074 quando
2239 977 2281 1049 in

459 1123 534 1173 sua
557 1101 742 1176 orientali
762 1104 1009 1202 quadratura
1033 1104 1191 1202 planeta
1212 1114 1335 1194 esset,
1368 1116 1505 1179 utrum
1538 1114 1635 1180 tune
1665 1104 1781 1178 etiam
1810 1109 2060 1199 apparentem
2093 1103 2280 1176 exeentri·

463 1228 622 1301 oitatem
652 1231 831 1327 planetae
852 1231 895 1305 in
917 1252 988 1304 suo
1012 1227 1181 1321 annulo,
1206 1230 1248 1304 iu
1281 1229 1498 1306 directione
1534 1231 1715 1331 opposita
1748 1228 1809 1305 illi
1832 1227 1927 1303 anni
1954 1227 2050 1303 1828
2075 1226 2283 1301 obseruare

462 1363 630 1449 possent.

514 1478 913 1554 Animadvertendum
933 1491 1064 1555 autem
1079 1484 1231 1558 interea
1246 1492 1326 1571 est,
1350 1480 1433 1554 fere
1452 1479 1683 1555 incredibile
1701 1502 1800 1572 esse,
1825 1481 1902 1557 hoc
1930 1480 2114 1577 exiguum
2141 1477 2279 1583 discri-

462 1625 571 1692 men,
585 1604 796 1682 mediceris
814 1604 1013 1705 teleseopii
1031 1631 1105 1707 ope
1121 1611 1205 1684 sine
1220 1609 1472 1683 mierometro
1489 1605 1783 1696 tantummodo,
1805 1615 1851 1679 ut
1866 1607 1942 1703 ipsi
1960 1605 2197 1702 apparebat,
2211 1631 2282 1704 po·

464 1730 602 1804 tuisset
625 1733 759 1806 videre
781 1732 959 1824 Gestar,
984 1757 1108 1831 quum
1123 1736 1340 1810 dimensum
1361 1732 1571 1809 aSrnurao
1595 1733 1804 1809 discrimen
1826 1731 1899 1806 300
1914 1731 2216 1828 amplificatione
2233 1733 2285 1807 ad

464 1853 645 1928 minimas
663 1860 902 1952 quantitates
923 1859 1141 1956 pertinuit,
1167 1882 1265 1956 quas
1292 1859 1501 1932 observare
1523 1857 1734 1955 possimus3
1758 1867 1878 1951 atque
1900 1874 2018 1950 ergo,
2051 1865 2098 1927 ut
2122 1853 2285 1930 Lluonr

465 1979 744 2057 animadvertit
764 1982 838 2082 (l),
863 1984 975 2059 nulla
995 1983 1220 2061 conditione
1242 1993 1288 2056 ut
1310 2004 1519 2081 appareres
1537 1982 1760 2057 discrimen
1779 1980 2023 2057 considerari
2043 1990 2182 2080 potest.

1112 2254 1164 2308 BE
1190 2254 1325 2310 lunum
1350 2254 1641 2312 cutsslwnlnssa

1313 2425 1347 2528 1.
1383 2428 1442 2506 11.

514 2626 646 2726 Quum
659 2627 838 2701 umbram
851 2628 988 2703 annuli
1007 2626 1049 2701 in
1059 2627 1241 2726 planeta,
1263 2645 1312 2700 eo
1328 2633 1523 2726 tempore,
1548 2649 1629 2726 quo
1648 2622 1846 2727 disparuit
1863 2624 2031 2703 anundus
2049 2622 2110 2700 rel
2129 2636 2283 2702 tantum

465 2774 603 2849 margo
638 2753 723 2849 ejus
752 2752 881 2827 tenuis
909 2777 934 2826 a
953 2753 1036 2827 sole
1059 2754 1310 2829 illuminatur
1340 2753 1506 2827 maxime
1532 2755 1737 2853 perspicue
1762 2754 2004 2850 distinguere
2034 2751 2176 2849 possit,
2200 2752 2287 2826 He·

467 2900 605 2952 anulus
629 2879 870 2976 opinabatur
900 2880 1199 2956 crassitudinem
1226 2879 1356 2953 adhue
1385 2880 1577 2977 Insignem
1601 2880 1748 2955 annulo
1769 2879 1922 2970 adesse,
1947 2899 2050 2975 quae
2068 2887 2196 2950 tamen
2214 2901 2287 2975 pa·

466 3027 556 3076 rum
579 3002 739 3077 luminis
756 3004 984 3081 reflecteret.
1021 3006 1134 3082 Hanc
1154 3017 1284 3081 autem
1308 3005 1512 3095 umbram,
1539 3028 1660 3102 quam
1679 3003 1903 3103 disparente
1917 3003 2063 3077 annulo
2076 3003 2117 3076 in
2132 3003 2288 3100 planeta

466 3129 744 3226 conspicimus,
770 3129 969 3206 talimodo
988 3132 1155 3230 explieat
1175 3130 1233 3205 Li
1247 3129 1380 3204 Lerna
1403 3128 1474 3228 (2)=
1498 3132 1658 3228 quando
1680 3131 1732 3204 ad
1746 3131 1866 3206 solem
1885 3129 2060 3203 directus
2083 3138 2141 3203 est
2162 3151 2284 3203 annu·

469 3255 532 3328 lus
551 3254 757 3352 solumque
778 3256 821 3328 in
839 3257 1020 3354 margine
1048 3258 1135 3355 ejus
1167 3257 1277 3331 tenui
1307 3254 1580 3346 illuminatur,
1605 3279 1756 3332 necesse
1782 3266 1839 3329 est
1868 3263 1915 3327 ut
1935 3264 2064 3345 terra,
2087 3275 2189 3350 quae
2206 3278 2283 3327 non

468 3381 614 3478 inipso
634 3389 692 3453 est
713 3382 851 3455 annuli
872 3382 1015 3478 plano,
1039 3383 1231 3457 annulum
1255 3380 1416 3479 oblique
1439 3382 1662 3480 projectum
1686 3382 1729 3457 in
1755 3380 1970 3456 Saturnum
1995 3379 2145 3471 videat,
2169 3403 2287 3453 zonae

468 3503 659 3574 obscurae
678 3502 829 3595 forme,
855 3528 959 3601 quae
980 3505 1102 3583 latior
1127 3516 1186 3581 est
1205 3505 1342 3581 annuli
1363 3507 1634 3584 crassitudine.
1684 3505 1852 3605 Quando
1881 3504 2050 3581 annulus
2065 3501 2119 3577 ad
2137 3512 2286 3578 terram

470 3625 665 3714 directus,
690 3629 804 3703 nobis
842 3638 995 3702 tantum
1023 3651 1134 3703 suam
1161 3630 1277 3707 offert
1298 3631 1622 3725 crassitudinem,
1646 3655 1736 3707 ema
1764 3641 1861 3707 tunc
1891 3628 2025 3703 videre
2058 3626 2286 3725 nequimus,

469 3750 528 3824 sol
555 3766 687 3822 autem
720 3773 809 3826 eum
834 3753 994 3852 oblique
1030 3752 1245 3846 illuminat,
1270 3757 1329 3829 ita
1359 3766 1405 3830 ut
1428 3757 1546 3830 etiam
1571 3757 1612 3831 in
1642 3756 1856 3831 Saturnum
1885 3752 2075 3850 insignem
2106 3752 2287 3825 umbram

468 3875 670 3973 dispergat
686 3877 868 3952 annulus.
914 3877 1062 3954 1111111111
1091 3878 1253 3977 planum
1285 3879 1422 3955 eodem
1441 3889 1618 3978 tempore
1646 3904 1719 3980 per
1740 3880 1860 3955 solem
1885 3888 1925 3951 et
1948 3887 2097 3950 terram
2115 3877 2286 3949 transire

470 4000 650 4092 deberet,
675 4010 722 4074 ut
745 4001 970 4099 dijudicare
986 4026 1206 4101 possemus,
1229 4015 1365 4079 utrum
1394 4006 1479 4102 g‘us
1499 4007 1720 4082 crassitudo
1749 4004 1942 4081 visibilem
1968 4004 2086 4078 etiam
2106 4002 2287 4076 umbram

468 4129 512 4202 in
532 4126 746 4202 Saturnum
761 4127 930 4219 facerem
955 4151 1079 4228 quum
1101 4129 1145 4204 id
1168 4153 1262 4206 vero
1282 4131 1412 4207 locum
1429 4130 1574 4206 habere
1606 4142 1798 4228 nequeat,
1823 4130 1971 4229 quippe
2001 4127 2110 4227 qued
2130 4127 2291 4202 &turni

469 4253 598 4330 nodus
621 4255 664 4326 in
685 4253 866 4350 ecliptica
884 4254 935 4329 ab
958 4256 1020 4330 sui
1037 4256 1174 4330 annuli
1198 4256 1303 4330 nodo
1325 4257 1444 4356 longe
1463 4256 1627 4333 dissitus
1647 4268 1716 4334 est.
1767 4256 1844 4331 lua
1866 4255 2006 4352 exigua
2033 4254 2169 4329 annulli
2187 4275 2290 4328 oras·

470 4378 603 4455 situdo
621 4401 646 4452 a
657 4377 843 4454 Μ11111111
867 4403 1025 4479 quoque
1042 4390 1083 4454 et
1097 4381 1187 4455 aliis
1205 4383 1511 4479 agnoscebatur,
1535 4405 1616 4481 qua
1634 4405 1786 4460 neeesse
1802 4391 1911 4473 erat,
1930 4390 1977 4454 ut
1992 4401 2108 4455 ansae
2126 4376 2289 4453 simulac

464 4504 609 4601 ,annuli
632 4504 794 4602 planum
811 4526 884 4600 per
900 4515 1050 4581 terram
1073 4505 1134 4582 rel
1150 4506 1269 4631 solem
1292 4508 1502 4598 transiret,
1527 4505 1786 4607 disperarent

519 4629 575 4707 Ut
603 4629 756 4727 saepius
798 4632 1206 4724 commemoravimus,
1237 4633 1418 4707 absoluta
1454 4635 1592 4711 annuli
1619 4632 1831 4734 dispositio
1866 4631 1979 4711 annis
2014 4632 2110 4711 1789
2137 4640 2178 4705 et
2195 4629 2290 4709 1790

472 4758 725 4835 nmscsmo
752 4754 883 4831 locum
905 4777 985 4843 neu
1010 4756 1201 4851 habebat,
1224 4758 1358 4835 lumen
1380 4758 1583 4859 exiguum,
1605 4758 1716 4860 quod
1744 4768 1862 4835 tenue
1879 4758 2017 4839 annuli
2034 4757 2140 4834 latus
2159 4754 2290 4836 retes·

483 4955 682 4981 m

519 5079 567 5160 111
591 5077 717 5146 Jatrt.
736 5075 800 5143 der
816 5075 965 5167 Kentgt.
988 5074 1210 5146 Sternwurte
1222 5077 1278 5149 bei
1292 5079 1467 5152 Menates
1476 5084 1551 5178 fur
1572 5082 1679 5163 1889.
1698 5101 1773 5177 pig.
1794 5083 1873 5155 218.

519 5188 567 5278 (2)
591 5187 811 5260 Artrcacnt'e
824 5237 834 5269 ,
857 5187 949 5258 Tem.
968 5185 1034 5261 111.
1063 5192 1094 5282 §.
1118 5192 1219 5261 1312.
1240 5212 1316 5286 pag.
1335 5192 1413 5269 118.
