4970 6164
985 542 1178 622 -snt
1225 584 1296 607 --

283 732 585 810 Observationes
612 731 704 809 'bue
744 734 983 836 pertinentes
1022 762 1142 837 qnam
1187 736 1415 815 brevissime
1452 737 1536 835 jam
1581 737 1818 822 meamus-3
1860 742 1951 809 sunt
1989 753 2047 805 se·

230 871 413 958 quantas:

281 986 468 1061 8111111111
490 984 543 1086 (1)
560 989 770 1064 observans
780 989 1077 1066 nemeaeus
1093 990 1372 1083 Decembrisl,
1397 988 1491 1065 anni
1509 989 1627 1079 1832,
1651 1014 1676 1065 a
1693 1002 1868 1088 tempore
1887 986 2048 1061 matuti-

233 1131 307 1199 no,
328 1109 490 1184 abbam
501 1113 648 1187 seilicet
660 1107 702 1189 tt
721 1134 847 1209 usque
864 1114 917 1187 ad
928 1116 1066 1188 horam
1080 1114 1146 1209 71,
1171 1137 1244 1213 ope
1262 1117 1349 1191 tubi
1361 1115 1682 1205 Faeneratorem,
1700 1119 1726 1191 t
1741 1113 1909 1210 pedum,
1927 1122 2047 1207 atque

231 1234 327 1321 216,
351 1234 475 1309 astet
494 1239 569 1313 324
584 1235 975 1334 amplificationibus3
1000 1240 1264 1337 comperiebat
1279 1242 1468 1315 annulum
1488 1242 1648 1317 omnino
1665 1239 1797 1313 adhue
1812 1237 2046 1311 invisibilem

234 1379 332 1447 esse,
357 1369 468 1432 certe
489 1369 621 1436 tamen
641 1363 799 1435 videbat
822 1362 864 1437 in
883 1363 1098 1438 directione
1123 1388 1239 1439 anses
1268 1362 1471 1438 orientalis
1491 1364 1633 1438 subtile
1649 1362 1811 1437 luminis
1831 1368 2044 1456 punctum,

233 1481 341 1577 quod
354 1506 427 1580 per
445 1485 569 1559 trium
597 1487 789 1563 horarum
814 1487 1125 1563 observationem
1159 1502 1240 1565 non
1258 1488 1491 1563 mutabatur
1521 1487 1623 1574 sitn3
1647 1485 1739 1560 licet
1759 1494 1927 1582 propter
1942 1484 2047 1560 aeris

233 1616 385 1679 motum
401 1607 554 1705 saepius
575 1631 621 1681 ex
641 1611 764 1687 oeulis
784 1613 936 1704 abiret,
962 1635 1114 1713 semper
1135 1626 1264 1690 tamen
1287 1612 1424 1688 eodem
1443 1612 1530 1686 loco
1552 1632 1694 1687 rursus
1711 1609 1938 1706 apparebat.

281 1731 411 1830 Quum
429 1755 554 1829 usque
583 1735 636 1808 ad
666 1738 713 1811 12
746 1736 850 1811 diem
880 1737 1105 1814 Decembris
1132 1748 1298 1837 propter
1323 1737 1427 1811 atris
1453 1735 1722 1834 intemperiem
1754 1731 1887 1805 nullae
1916 1730 2047 1804 obser·

232 1859 405 1933 vationes
434 1858 589 1933 institui
624 1870 798 1958 possent,
836 1861 911 1936 hae
938 1885 1099 1960 vespera
1124 1861 1312 1937 annulum
1355 1861 1562 1957 perspicue
1600 1858 1779 1940 ridebat,
1814 1856 1905 1931 lieet
1934 1855 2048 1930 obtu-

231 2006 340 2072 sum,
366 1982 594 2079 dignoscere
618 1995 749 2060 tamen
779 2007 867 2058 eum
895 1994 1053 2082 poterat
1085 1986 1446 2061 Frauenhoieriano
1475 1984 1685 2083 3111161111
1717 1981 1816 2054 tubo
1837 1979 2048 2078 1111111126

232 2116 271 2179 et
290 2107 360 2182 168
375 2106 755 2202 amplificationibus.
805 2108 1118 2207 Amplilioatione
1150 2115 1225 2188 216
1244 2111 1331 2186 tubi
1351 2115 1375 2186 6
1394 2109 1540 2207 perlem
1565 2107 1800 2185 observabat
1831 2103 2049 2178 occidenta-

231 2215 305 2305 lem
329 2252 463 2307 ansam
481 2232 662 2307 universe
682 2232 831 2307 claram
850 2255 951 2323 esse,
975 2242 1116 2307 eontra
1138 2235 1247 2331 apud
1277 2262 1305 2311 c
1331 2238 1427 2335 Fig.
1452 2240 1520 2329 tl,
1545 2233 1775 2313 orientalem
1802 2228 2048 2326 aliquatenus

232 2358 440 2431 clariorem
468 2379 595 2454 neque
621 2358 835 2433 adhaerere
867 2359 1068 2455 planetae,
1101 2355 1209 2454 apud
1233 2357 1257 2430 b
1286 2370 1418 2434 autem
1452 2364 1535 2436 fere
1560 2356 1796 2435 invisibilem
1825 2356 1936 2442 lieri3
1969 2380 2049 2451 quo

232 2480 373 2566 fiebat,
399 2480 485 2552 utb
513 2484 563 2556 ab
590 2482 757 2557 obscuro
780 2482 878 2556 adeo
901 2482 1130 2557 distinctum
1153 2490 1275 2572 esset,
1309 2494 1356 2558 ut
1384 2489 1426 2560 in
1459 2485 1672 2597 &pedum
1703 2483 1801 2555 tubo
1831 2491 1950 2576 atque
1980 2482 2051 2553 126

231 2604 533 2700 amplificatione
555 2617 745 2705 punctum
767 2606 925 2680 luminis
949 2628 1030 2678 esse
1059 2605 1274 2681 videretur.
1324 2607 1414 2707 Ipse
1431 2610 1558 2682 multa
1582 2630 1671 2682 eum
1700 2606 2052 2681 verosimilitudine

230 2731 488 2829 opinabatur,
513 2757 542 2806 c
561 2732 843 2819 esseeandem,
866 2729 1138 2826 quamprimo
1164 2730 1229 2802 die
1254 2729 1481 2806 Decembris
1501 2730 1679 2819 viderat,
1718 2739 1884 2829 partem.
1934 2726 2052 2802 Prae·

228 2866 336 2929 terea
359 2855 494 2931 eodem
520 2856 585 2929 die
607 2854 884 2930 occidentalem
907 2876 1042 2928 ansam
1072 2876 1151 2928 non
1178 2854 1255 2927 nisi
1279 2855 1399 2953 paulo
1430 2857 1673 2942 breviorem,
1705 2852 1953 2951 aliquatenus
1972 2855 2049 2927 cla·

229 2978 377 3051 riorem
411 2978 670 3074 latioremque
701 2979 881 3070 videbat,
919 2977 1159 3051 obtusiorem
1188 2987 1321 3052 eutem
1351 2991 1391 3054 et
1421 2980 1545 3079 magis
1574 2977 1816 3054 indefinitam
1841 2978 2048 3068 orientali,

229 3128 330 3202 quae
351 3104 579 3201 angustior,
600 3105 760 3179 acutior
781 3115 821 3179 et
839 3115 886 3178 ut
907 3104 984 3203 ipsi
999 3103 1230 3195 videbatur,
1255 3106 1546 3202 quodammodo
1562 3106 1712 3182 clarior
1730 3115 1828 3178 erat.

277 3231 349 3302 Die
375 3232 421 3305 18
440 3229 625 3303 ianuarii
648 3233 740 3305 anui
770 3233 865 3307 1833
887 3238 1053 3327 propter
1075 3229 1213 3303 annuli
1236 3230 1585 3323 illuminationem,
1621 3256 1722 3331 qnae
1742 3240 1968 3305 accreverat
1990 3229 2048 3302 lu·

232 3356 345 3428 cidus
366 3356 497 3447 locus,
529 3358 658 3430 nimus
691 3359 829 3433 eximie
852 3358 1087 3454 apparebat,
1123 3365 1295 3432 attamen
1320 3382 1409 3434 eum
1440 3361 1647 3458 perspicue
1666 3359 1796 3432 adhuc
1820 3357 2048 3454 dignoscere

231 3482 405 3569 valebat,
430 3493 550 3579 atque
574 3486 782 3559 observare
801 3484 844 3556 in
866 3484 951 3580 ejus
972 3483 1180 3556 immutato
1201 3484 1280 3557 situ
1311 3487 1506 3561 matutino
1527 3494 1705 3582 tempore
1724 3483 1816 3557 inde
1837 3483 1888 3555 ab
1906 3483 2045 3557 horal

226 3631 351 3704 usque
372 3610 425 3682 ad
456 3609 502 3699 7,
527 3618 646 3705 atque
675 3610 914 3685 nuncetiam
945 3609 1148 3684 orientalis
1178 3633 1272 3685 ansa
1301 3613 1541 3687 adhaerebat
1569 3609 1765 3709 planetae,
1799 3607 1978 3705 quemvis
2001 3628 2048 3678 ea

227 3736 267 3808 in
288 3736 362 3811 hac
381 3736 541 3831 regione
564 3736 695 3811 adbuc
715 3736 832 3832 longe
850 3736 1031 3810 obtusior
1047 3746 1155 3809 esset
1205 3736 1387 3813 Ceterum
1407 3741 1478 3814 illa
1496 3761 1591 3813 ansa
1606 3738 1650 3812 in
1673 3735 1902 3811 universum
1926 3731 2043 3806 olari-

229 3870 309 3933 tate
333 3873 373 3935 et
393 3862 674 3958 perspicuitate
694 3884 834 3958 pamm
854 3863 905 3935 ab
926 3861 1159 3937 occidentali
1177 3861 1395 3939 differebat.

275 3989 347 4061 Die
371 3987 580 4062 Februarii
597 3991 643 4073 2.
666 3986 840 4060 lucidum
861 3989 992 4063 locum
1009 4014 1037 4063 e
1061 4012 1140 4064 non
1168 3989 1337 4086 amplius
1357 4002 1466 4067 certo
1491 3989 1735 4083 distinguere
1751 3980 1936 4085 poterat,
1954 4011 2044 4063 con·

227 4114 339 4187 tirruo
369 4124 499 4189 eutem
525 4112 776 4189 occidentalis
802 4138 896 4188 ansa
927 4115 1176 4213 aliquatenus
1205 4114 1345 4207 latior,
1382 4115 1562 4192 obtusior
1591 4124 1631 4188 et
1657 4113 1781 4212 magis
1813 4112 2043 4203 indefinita,

228 4248 348 4333 atque
371 4241 573 4314 orientalis
592 4241 797 4337 angustior
823 4251 863 4314 et
884 4243 1010 4316 multo
1037 4242 1192 4316 acutior
1216 4244 1442 4340 apparebat

273 4363 381 4438 Idem
403 4366 528 4464 ipsum
548 4366 590 4438 in
610 4367 790 4441 omnibus
813 4368 894 4443 suis
924 4369 1261 4443 observationibus
1289 4370 1535 4469 reperiebat,
1560 4390 1660 4463 quas
1683 4366 1915 4441 instituebat
1936 4388 2040 4440 men·

225 4493 332 4565 sibus
348 4490 567 4567 Februario
590 4492 825 4590 Martioque.

273 4618 347 4691 Die
366 4620 390 4692 2
411 4619 558 4715 Aprilis
576 4642 650 4717 per
667 4623 691 4695 6
709 4618 851 4717 pedum
882 4620 1158 4718 teloseopium‚
1181 4619 1256 4694 288
1276 4618 1601 4718 amplificatione,
1627 4640 1743 4692 ansae
1765 4616 1880 4691 valde
1901 4617 2039 4690 eximie

226 4755 340 4818 erant
364 4744 562 4841 dispares,
587 4769 709 4841 quum
733 4745 934 4821 orientalis
965 4756 1063 4822 esset
1093 4744 1251 4845 longior
1276 4746 1524 4843 debiliorque
1558 4743 1813 4830 occidentali3
1837 4742 1922 4839 ejus
1942 4741 2038 4838 pha-

224 4894 284 4943 ses
303 4872 385 4945 iere
406 4893 478 4969 por
502 4879 625 4944 totum
650 4871 750 4946 vidit
771 4895 960 4962 mensem,
983 4894 1109 4970 neque
1132 4872 1285 4972 aliqud
1299 4873 1440 4948 aderat
1459 4873 1619 4946 luminis
1637 4880 1899 4968 punctorum,
1924 4891 2036 4966 prae-

271 5224 320 5309 (1)
349 5221 489 5291 Astron.
508 5218 639 5287 Naehr.
666 5219 722 5288 N0.
743 5225 817 5290 239.
848 5247 920 5314 pag.
944 5225 1020 5289 383.
1042 5233 1074 5289 et
1097 5220 1245 5313 Beilage
1263 5244 1306 5287 au
1329 5220 1388 5291 ΝΟ.
1410 5180 1499 5290 24ss
1514 5240 1587 5314 pag.
1611 5226 1684 5290 153.

1741 5326 1780 5387 29
