4970 6164
937 532 1367 612 -loe-‘

136 712 139 717 ¹
199 750 288 809 non*
303 722 431 831 pbteel
454 730 537 806 solt
559 728 605 807 ao'
628 727 796 826 eiutplioi
829 727 1004 827 pen-tima
1021 750 1182 803 suarum
1205 729 1453 819 eobabsiorei
1482 742 1579 806 tune
1599 729 1703 806 enim
1733 732 1826 809 illae
1853 730 2011 832 penes,

200 880 304 958 queo
337 859 530 957 planetam
566 854 767 953 proximae
797 864 912 943 sunt,
937 863 1128 951 perpetua
1150 855 1359 951 pavlaus
1391 858 1565 947 actione,
1597 858 1759 949 sensim,
1782 859 1834 935 ab
1855 860 2013 934 annulis

200 985 483 1059 divellerentur
505 1003 663 1080 seseque
682 981 859 1079 planetae
873 981 1110 1077 jungerent,
1134 989 1253 1077 atque
1271 983 1344 1056 tali
1363 983 1622 1059 diminutione
1642 982 1812 1081 denique
1829 985 2009 1060 ftmditus

199 1111 427 1186 delerentur
444 1107 606 1192 annuli,
633 1106 780 1205 quippe
796 1107 868 1204 qui
886 1127 966 1180 non
990 1106 1086 1181 satis
1107 1106 1253 1183 virium
1273 1108 1316 1183 in
1337 1132 1378 1183 se
1396 1110 1586 1209 habeant,
1612 1110 1821 1207 quominus
1834 1110 2013 1209 planetae

199 1238 352 1311 obstent
372 1234 571 1334 gravitati

249 1361 483 1459 cogitabant
505 1360 619 1442 olim,
645 1356 747 1432 stent
778 1378 896 1432 erens
919 1357 980 1432 vel
1008 1360 1140 1458 pontis
1170 1360 1345 1448 onmem,
1370 1357 1459 1432 ill'os
1494 1381 1575 1432 sese
1606 1360 1756 1458 ubique
1771 1361 1926 1458 aequali
1950 1362 2010 1435 di·

199 1487 342 1561 stantia
361 1510 387 1561 e
406 1487 575 1561 Saturno
592 1483 815 1571 oontinere;
839 1490 962 1580 quum
986 1507 1081 1560 vero
1105 1485 1395 1560 observationes
1417 1482 1643 1576 docuerint,
1667 1507 1714 1560 ex
1736 1486 1918 1584 partibus
1944 1510 2012 1561 eos

198 1636 279 1688 esee
305 1613 561 1713 eompositoS,
585 1630 688 1706 quae
709 1630 789 1682 non
814 1608 962 1704 ubique
986 1610 1120 1684 mem
1154 1612 1342 1686 distantia
1362 1633 1387 1683 a
1413 1608 1583 1686 Saturno
1605 1611 1769 1701 distent;
1792 1612 1894 1688 ineo
1920 1636 2012 1689 eon·

198 1737 311 1812 tinua
329 1759 466 1812 eorum
484 1735 688 1811 existentia
708 1757 789 1810 non
806 1742 866 1808 eet
885 1735 1122 1831 quaerenda.

1046 1932 1078 2032 e.
1127 1938 1165 2011 2.

250 2126 590 2203 Conservationem
609 2122 746 2197 mauu
767 2121 906 2199 mons
928 2143 980 2198 nn
1007 2124 1155 2202 Sirone
1178 2124 1229 2224 (1)
1256 2126 1296 2200 vi
1318 2123 1508 2199 adeunte
1534 2124 1795 2224 oentrifingae,
1816 2151 1898 2227 qua
1927 2152 2009 2203 om·

196 2274 264 2327 nes
299 2254 383 2349 ejus
413 2259 504 2324 sunt
532 2249 727 2322 animatae
760 2259 921 2348 partes,
946 2272 1048 2347 quae
1078 2250 1266 2348 gravitati
1301 2247 1541 2344 aequivalet,
1573 2272 1677 2346 quae
1703 2274 1792 2325 enm
1812 2251 1929 2326 aliter
1954 2252 2007 2325 ad

199 2379 377 2478 planetae
399 2385 579 2451 oentrmn
595 2375 909 2473 praeeipeteret3
934 2374 1017 2449 sine
1035 2399 1117 2473 qua
1132 2375 1306 2465 timeret,
1329 2395 1382 2446 ne
1399 2396 1551 2472 semper
1566 2399 1683 2474 agens
1700 2377 1906 2474 gravitatis
1929 2380 2008 2469 vis,

195 2504 443 2599 vlolenteque
469 2499 657 2597 temporis
690 2521 846 2591 manns,
879 2522 969 2573 mox
987 2510 1068 2575 tam
1093 2501 1275 2576 mirabile
1304 2509 1471 2575 naturae
1500 2522 1599 2596 opus
1622 2501 1854 2577 destrueret.
1901 2503 2009 2577 Gete-

196 2651 309 2720 rum,
338 2626 472 2715 addit,
497 2624 633 2698 annuli
649 2625 859 2699 rotationis
890 2636 1058 2722 systema
1088 2650 1167 2701 non
1193 2635 1251 2698 est
1281 2625 1643 2723 novum;e1usdem
1662 2628 1873 2704 sententiae
1894 2641 2009 2706 erent

194 2754 401 2841 Mannum,
425 2749 601 2841 Csssmt,
626 2749 806 2826 Gnaeum
828 2758 950 2849 atque
969 2773 1023 2826 nn
1041 2750 1314 2828 Maornmms.
1853 2736 1856 2741 ’

1041 2942 1157 3044 §.a

241 3147 329 3247 Quo
352 3139 638 3230 mechanisma,
661 3139 718 3212 sio
736 3150 852 3237 roget
871 3164 919 3217 na
944 3140 1073 3219 Pasas
1097 3141 1169 3241 (2),
1192 3142 1299 3218 eirea
1319 3141 1551 3225 Saturnum,
1576 3138 1713 3213 annuli
1737 3145 1911 3241 suspensi
1927 3169 2009 3219 ma·

191 3272 322 3349 nenti
371 3270 413 3344 Si
431 3264 674 3343 solummodo
705 3266 943 3341 ooheesionis
974 3269 1014 3343 vi
1043 3270 1256 3359 aecideret,
1287 3267 1523 3366 pedetentim
1550 3266 1683 3341 variae
1718 3289 1856 3343 eorum
1875 3283 2010 3370 partes

190 3422 272 3474 sese
292 3396 542 3485 divellerent,
565 3390 803 3489 tandemque
817 3393 859 3468 ln
882 3393 1094 3471 Saturnum
1114 3395 1366 3486 deciderent,
1391 3392 1767 3491 solverenturquein
1782 3403 1843 3468 tot
1865 3399 2008 3471 satelli·

191 3537 269 3613 toe3
293 3544 494 3622 quumque
512 3519 555 3593 id
579 3542 659 3593 non
681 3518 732 3591 sit
754 3519 925 3611 factum,
950 3543 996 3593 ex
1016 3545 1063 3596 eo
1083 3545 1158 3619 per
1190 3544 1234 3595 se
1262 3518 1594 3609 concludendum,
1623 3539 1762 3591 eonem
1791 3525 2008 3621 suspensio.

193 3671 279 3722 nem
302 3647 515 3745 praecipue
531 3644 777 3740 liquidorum
800 3643 1040 3741 aequilibrio
1064 3646 1151 3719 niti.

243 3773 372 3864 Duas,
395 3794 496 3869 quae
516 3769 753 3845 neeessariae
784 3780 892 3862 sunt,
918 3780 965 3845 ut
986 3769 1093 3845 eirea
1124 3771 1230 3845 huno
1261 3768 1477 3867 planetam,
1508 3767 1669 3844 Saturni
1690 3768 1861 3844 annulus
1882 3771 1924 3847 ln
1945 3796 2007 3847 ae·

193 3896 369 3996 quihbro
383 3903 556 3984 maneat,
581 3892 822 3967 eonditiones
844 3893 955 3992 ponit
975 3916 1024 3969 nt
1042 3891 1172 3968 Pnson
1194 3892 1260 3990 (3).
1309 3893 1444 3967 Altera
1475 3892 1527 3966 ad
1555 3901 1785 3966 mutuarum
1813 3894 1898 3992 eJus
1915 3919 2006 3993 pan

196 4025 296 4100 tium
324 4020 602 4119 aequilibrium
632 4019 833 4119 pertinet3
864 4021 990 4094 altera
1024 4016 1077 4092 ad
1101 4018 1267 4093 liberam
1297 4019 1433 4094 annuli
1467 4020 1575 4095 eirea
1607 4018 1822 4093 Saturnum
1848 4040 2006 4118 snspen-

195 4172 353 4226 saonem.

242 4272 360 4374 Quod
382 4270 435 4347 ad
452 4271 620 4372 primam
640 4266 901 4345 conditionem
923 4270 1083 4360 attinet,
1105 4269 1225 4367 exigit
1239 4268 1541 4367 aequilibrium,
1561 4278 1608 4342 ut
1625 4267 1846 4367 rependet
1867 4270 2006 4344 annuli

192 4399 411 4499 particulae
437 4421 516 4473 non
546 4404 738 4471 conentur
765 4417 805 4468 se
827 4394 952 4472 abeo
986 4395 1226 4484 distrahere3
1260 4405 1379 4493 atque
1413 4394 1571 4493 quando
1591 4395 1815 4492 superficies
1841 4396 1937 4471 haee
1957 4397 2007 4471 li·

193 4525 319 4626 quida
338 4534 602 4624 supponatur,
627 4543 668 4596 se
682 4528 921 4615 sustentem,
947 4521 1147 4599 variarum
1166 4520 1336 4614 vitium,
1358 4521 1507 4620 quibus
1537 4519 1748 4620 praeditus
1762 4532 1851 4613 est,
1872 4525 2000 4599 oaesi.

218 4742 449 4772 *-

239 4873 289 4957 (1)
312 4870 427 4937 Batai
440 4892 506 4935 sur
519 4870 572 4935 tea
585 4869 740 4959 phinon.
760 4869 828 4941 rei.
847 4892 919 4936 m
940 4869 1035 4960 disp.
1044 4867 1188 4959 period.
1208 4867 1255 4934 de
1269 4869 1432 4939 l'atmeae
1448 4866 1495 4935 de
1511 4865 1682 4945 deame,
1707 4887 1783 4957 με,
1804 4868 1880 4934 401.

241 4977 290 5068 (2)
314 4975 524 5063 meamque
553 4972 707 5059 Oeleete,
738 4979 830 5048 Tom.
846 4976 887 5048 V.
921 4978 995 5051 laiv'.
1013 4979 1103 5051 xlv.
1133 4978 1237 5072 Obap.
1254 4977 1319 5052 Ill.
1353 5000 1428 5073 paq.
1443 4978 1525 5046 289.
1550 4985 1651 5068 atqu·
1674 4976 1774 5047 eiam
1798 4976 1938 5068 lm.
1955 4958 2004 5045 ds

193 5072 281 5182 spi.
302 5087 350 5154 d·
365 5084 517 5164 Μ,
539 5107 615 5175 paq.
636 5088 717 5156 266.

241 5198 291 5291 (8)
317 5194 571 5266 ommium
588 5193 649 5261 dee
666 5202 773 5289 tempe
783 5219 879 5291 pour
891 5199 966 5267 lou
989 5200 1086 5271 1811.
1108 5219 1182 5292 H·
1201 5199 1277 5270 tto.
