4970 6164
478 717 568 793 Sine
589 739 636 792 ee
647 713 905 812 aequilibrio,
929 713 1138 791 continuus
1156 717 1296 791 harum
1309 715 1597 814 particularum
1611 722 1774 790 conatus
1796 713 1953 788 tandem
1973 731 2015 784 se
2034 707 2281 805 (Stellatem,

475 846 721 941 annulusque
743 843 786 917 in
805 840 972 918 nihilum
999 842 1267 941 redigeretur,
1292 850 1339 915 ut
1357 842 1488 917 omnia
1517 850 1685 915 naturae
1714 861 1857 938 opera,
1880 858 1982 935 quae
2000 835 2042 911 in
2064 857 2105 907 se
2125 859 2280 915 causam

472 969 701 1045 stabilitatis
722 965 868 1042 nullam
889 966 1053 1059 habent,
1078 992 1179 1066 quae
1193 967 1334 1043 idonea
1353 976 1431 1058 est,
1459 976 1504 1041 ut
1520 966 1662 1041 harum
1684 965 1974 1042 contrariarum
1995 961 2141 1037 virium
2162 965 2282 1039 actio·

474 1097 755 1172 niobsistatur.
806 1090 862 1167 Ut
878 1115 923 1166 ex
938 1094 1083 1169 virium
1095 1104 1263 1168 naturae
1281 1093 1434 1168 ratione
1454 1092 1568 1168 nobis
1586 1093 1784 1191 cognitum
1801 1100 1883 1180 est,
1906 1090 2050 1184 cuique
2064 1090 2281 1184 particulae

473 1219 584 1294 adest
600 1219 776 1294 infinitus
799 1227 1006 1293 conatuum
1023 1242 1210 1295 numerus
1223 1219 1274 1291 ad
1290 1218 1388 1293 alias
1409 1216 1546 1292 annuli
1563 1227 1694 1315 partes
1712 1225 1831 1311 atque
1849 1215 1901 1289 ad
1916 1216 2123 1313 planetam.
2172 1214 2280 1295 Nunc

472 1352 604 1415 autem
614 1365 661 1418 ιι
675 1341 802 1416 Pauca
821 1342 1024 1437 probavit,
1048 1345 1090 1420 in
1106 1343 1260 1417 duobus
1270 1343 1472 1439 operibns,
1495 1340 1668 1416 Tbeoric
1679 1339 1730 1414 de
1740 1339 1930 1415 l'auueca
1943 1339 1993 1413 de
2011 1337 2195 1413 Saum
2208 1340 2283 1437 (l),

471 1476 590 1562 atque
620 1466 864 1565 Meccniqae
899 1469 1070 1560 Oc'leate,
1106 1467 1190 1541 liv.
1210 1465 1293 1554 111,
1329 1465 1436 1539 illam
1470 1477 1645 1540 mutuam
1678 1465 1963 1562 particularum
2004 1463 2278 1541 attractionem

472 1592 602 1666 adhuc
629 1592 936 1689 conjungendam
970 1615 1067 1677 esse,
1103 1615 1193 1667 cum
1225 1589 1342 1667 celeri
1373 1589 1581 1665 rotationis
1611 1591 1747 1664 annuli
1779 1604 1889 1668 motu
1906 1593 1947 1667 in
1967 1610 2039 1663 suo
2062 1587 2180 1685 plano
2201 1590 2279 1663 cir·

471 1738 637 1812 cumque
671 1716 755 1812 ejus
786 1726 986 1806 centrum,
1022 1715 1125 1813 quod
1165 1737 1316 1788 necesse
1348 1722 1428 1804 est,
1461 1721 1508 1786 ut
1538 1734 1689 1810 semper
1717 1737 1859 1812 parum
1891 1737 1917 1791 a
1949 1711 2109 1785 Saturni
2142 1722 2276 1793 centra

470 1841 601 1918 distet.
648 1841 734 1915 Hac
759 1838 983 1916 conditione
1018 1842 1214 1937 perfecta,
1238 1838 1406 1911 annulus
1434 1838 1595 1934 quidam
1624 1837 1799 1935 liquidus
1823 1860 1864 1912 se
1883 1838 1989 1913 circa
2005 1838 2215 1912 Saturnum
2234 1839 2277 1914 in

470 1965 706 2062 aequilibrio
728 1975 860 2038 tenere
880 1973 1028 2062 potcst3
1053 1974 1256 2062 praeterea
1271 1964 1401 2036 adhuc
1427 1961 1617 2051 ostendit,
1642 1961 1776 2036 annuli
1803 1962 2007 2036 sectionem
2031 1961 2091 2035 vel
2109 1961 2277 2059 innurem

469 2093 750 2187 generatricem
779 2089 855 2191 (2),
888 2112 990 2187 quae
1021 2089 1403 2187 perpendiculariter
1433 2089 1477 2161 in
1512 2087 1629 2185 plano
1662 2089 1798 2162 annuli
1827 2099 1868 2161 et
1891 2112 1963 2187 per
1987 2091 2072 2187 ejus
2099 2099 2276 2164 centrum

472 2216 635 2306 transit,
659 2215 943 2315 complanatam
965 2214 1120 2311 ellipsin
1147 2238 1247 2307 esse,
1276 2214 1389 2310 cujus
1419 2213 1500 2286 axis
1531 2214 1659 2310 major
1684 2214 1735 2287 ad
1758 2211 1919 2288 Saturni
1948 2223 2127 2287 centrum
2155 2216 2279 2291 direc·

334 2410 338 2417 .
468 2350 533 2413 tus
555 2349 625 2413 est.

516 2464 634 2564 Quod
653 2464 703 2538 ad
725 2466 936 2540 secundum
952 2465 1100 2538 liberae
1126 2464 1263 2538 annuli
1288 2465 1393 2539 circa
1418 2466 1629 2540 Saturnum
1660 2465 1919 2563 suspensionis
1935 2464 2196 2539 conditionem
2218 2480 2274 2563 αις

467 2589 588 2674 tinet3
627 2587 793 2685 sphaera
821 2613 1010 2680 concava,
1045 2589 1159 2686 cujus
1191 2589 1367 2661 internae
1400 2599 1440 2662 et
1472 2598 1652 2662 externae
1683 2589 1906 2688 superficies
1938 2589 2154 2665 uniformes
2185 2616 2273 2668 ceu·

466 2710 737 2806 centricacque
770 2722 887 2804 sunt,
922 2715 965 2787 in
979 2698 1226 2809 'aeqmlibrio
1257 2711 1363 2787 circa
1397 2711 1609 2785 Saturnum
1641 2714 1832 2804 manebit,
1868 2714 2093 2812 quicunque
2120 2718 2275 2815 tandem

464 2836 575 2911 locus
606 2837 649 2911 in
671 2838 756 2935 ejus
789 2840 975 2937 sphaerae
1006 2839 1195 2912 interiore
1235 2847 1350 2937 parte
1383 2860 1456 2935 per
1484 2828 1660 2934 planetae
1690 2849 1869 2913 centrum
1902 2852 2134 2938 occupatum
2172 2844 2274 2919 illud

464 2971 594 3035 autem
626 2963 906 3059 aequilibrium
928 2964 1154 3039 indifferens
1175 2973 1292 3054 esset,
1315 2962 1484 3054 scilicet,
1508 2965 1785 3062 perturbatum
1807 2988 1886 3040 non
1910 2978 2123 3042 conaretur
2141 2972 2274 3066 primi·

464 3088 590 3162 tirum
619 3111 855 3187 recuperare
884 3101 1052 3181 statum,
1076 3114 1202 3188 neque
1231 3113 1261 3162 a
1275 3098 1440 3187 puncto,
1465 3090 1573 3186 quod
1598 3090 1738 3165 ultimo
1768 3103 2046 3189 occupaverat,
2072 3096 2271 3185 recedere3

465 3214 628 3289 minima
648 3237 783 3306 causa,
810 3227 856 3291 ut
875 3217 1053 3293 satellitis
1073 3218 1134 3293 rel
1147 3228 1319 3293 cometae
1342 3221 1447 3295 actio
1476 3227 1572 3291 tunc
1599 3214 1811 3306 sufficeret,
1836 3225 1882 3290 ut
1906 3218 2070 3317 sphaera
2089 3220 2130 3293 in
2147 3221 2275 3318 plane-

465 3348 546 3413 tam
585 3339 838 3418 dilaberetur.
889 3343 1121 3419 Indilferens
1146 3346 1448 3443 aequilibrium,
1473 3342 1582 3442 quod
1612 3341 1655 3415 in
1684 3363 1852 3417 concava
1881 3344 2064 3441 sphaera,
2090 3368 2190 3442 quae
2203 3347 2270 3420 Sa·

465 3476 629 3539 turnum
645 3467 797 3564 cingit,
820 3465 950 3540 locum
979 3469 1112 3557 habet,
1135 3491 1215 3541 non
1234 3469 1363 3545 existit
1390 3471 1432 3544 iu
1462 3492 1559 3543 zona
1592 3465 1871 3555 circuliiormi,
1896 3489 1997 3563 quac
2017 3467 2124 3542 hunc
2143 3469 2274 3567 plane·

464 3600 546 3662 tam
562 3591 697 3688 cingit.
746 3589 803 3664 La
823 3587 974 3680 Puaou,
1000 3592 1042 3665 in
1074 3592 1320 3693 Manesque
1351 3597 1518 3687 celeste,
1544 3590 1749 3692 probavit,
1775 3592 1917 3687 quodsi
1950 3593 2030 3668 duo
2054 3596 2273 3669 circuliior·

464 3715 540 3791 mis
560 3716 695 3790 annuli
714 3716 967 3815 planetasque
989 3726 1126 3791 centra
1140 3742 1221 3794 non
1243 3722 1492 3814 coincidunt,
1517 3716 1742 3795 seinvicem
1776 3726 1870 3792 tunc
1892 3719 2103 3817 repellere,
2128 3721 2271 3796 descri-

466 3844 609 3940 betque
634 3864 729 3939 ergo
752 3841 888 3915 annuli
910 3850 1088 3916 centrum
1107 3843 1251 3920 lineam
1281 3870 1461 3938 curvam,
1485 3865 1692 3922 moveram
1720 3843 1898 3940 planetae
1912 3856 2090 3920 centrum
2112 3870 2269 3938 versus,

463 3971 520 4044 ita
547 3978 592 4043 ut
618 3968 786 4043 annulus
804 3967 961 4041 tandem
990 3971 1206 4046 necessario
1236 3973 1415 4071 planetae
1442 3970 1687 4069 superficiem
1705 3969 1933 4066 attingeret,
1960 3995 2127 4070 cumque
2160 3994 2207 4046 eo
2229 3996 2270 4046 se

464 4096 730 4193 conjungeret.
778 4091 888 4165 Idem
908 4117 1066 4191 quoque
1084 4094 1214 4171 locum
1232 4099 1416 4190 haberet,
1441 4118 1695 4195 quaecunque
1714 4096 1871 4170 tandem
1886 4097 2022 4170 annuli
2043 4099 2269 4173 constitutio

465 4231 584 4310 esset,
604 4220 643 4293 si
671 4220 753 4294 sine
779 4219 989 4294 rotationis
1022 4229 1121 4294 esset
1145 4234 1278 4312 motu;
1303 4244 1392 4299 cum
1420 4232 1550 4298 autem
1582 4222 1874 4313 consideratur,
1909 4245 1988 4296 non
2018 4222 2060 4295 in
2093 4226 2272 4299 omnibus

464 4345 545 4418 suis
575 4345 756 4441 partibus
786 4346 1022 4421 uniformem
1050 4369 1131 4421 esse
1160 4349 1369 4441 anundum,
1394 4350 1452 4424 ita
1480 4358 1526 4423 ut
1555 4347 1762 4445 gravitatis
1793 4358 1971 4422 centrum
2000 4371 2080 4422 non
2106 4371 2194 4423 eum
2223 4373 2269 4425 eo

463 4471 615 4568 figurae
646 4469 870 4559 oei'ncidat3
912 4482 1194 4571 praetereaque
1224 4476 1492 4584 supponitur,
1527 4474 1652 4548 celere
1690 4474 1898 4549 rotationis
1930 4485 2041 4549 motu
2070 4496 2159 4548 eum
2187 4498 2267 4551 esse

462 4596 685 4696 praeditum
709 4595 752 4670 in
772 4597 890 4694 plano
911 4621 1003 4692 suo,
1027 4610 1122 4676 tuuc
1151 4600 1236 4698 eJ’us
1265 4611 1443 4677 centrum
1469 4600 1678 4700 gravitatis
1708 4599 1836 4700 ipsum
1867 4599 1975 4675 circa
2002 4602 2162 4677 Saturni
2180 4625 2265 4677 cen·

502 4954 559 5043 ’(1)
583 4954 909 5053 Μέπῑιᾷθθλοαᾴ.
930 4958 1129 5057 ropaledcq
1150 4912 1332 5042 samen,
1354 4914 1455 5036 route
1476 4910 1602 5035 lidi..
1653 5024 1657 5033 ,
1729 5028 1733 5033 ,
1778 5024 1780 5031 .

498 5063 700 5153 dilligere
729 5070 905 5156 generatrix
938 5071 1064 5153 existit,
1095 5074 1222 5164 quando
1238 5076 1369 5167 planum
1398 5097 1455 5167 per
1480 5074 1626 5166 planetae
1643 5084 1790 5143 cenum
1811 5085 1844 5143 et
1868 5071 2174 5168 perpendiculariter
2202 5098 2282 5169 μς.

462 5171 572 5240 annuli
589 5169 720 5261 planum
739 5174 896 5293 ducimus.
1204 5234 1211 5255 .
1267 5242 1270 5251 .
1364 5246 1401 5277 ι.
1540 5216 1544 5221 ’
1616 5240 1620 5247 -
