5032 6170
1014 535 1325 613 ...m-

261 727 406 805 duotus
442 726 652 823 obscurus,
690 749 805 828 quem
841 740 932 805 ante
964 731 1007 806 in
1049 732 1148 806 facie
1179 727 1331 806 boreali
1356 728 1497 804 annuli
1530 731 1837 819 observatorem
1882 754 1953 830 per
1987 731 2073 819 iere

262 859 310 931 10
324 874 469 944 annos,
493 854 692 951 inquibus
711 878 800 928 eum
822 856 1117 946 observaverat,
1142 867 1366 933 constanter
1377 877 1418 928 se
1436 853 1571 928 eodem
1591 858 1835 933 monstrabat
1857 856 1988 931 colore
2009 877 2074 929 ea-

258 978 425 1075 demque
441 978 650 1053 latitudine
710 980 1013 1058 Diminnebatur
1040 983 1236 1076 latitudo,
1261 984 1474 1059 secundum
1503 979 1607 1078 leges
1635 983 1804 1080 opticus,
1828 984 1870 1056 in
1893 983 2074 1083 planetae

259 1103 357 1178 disci
386 1104 702 1202 propinquitate,
727 1117 768 1181 ct
794 1132 919 1206 quum
947 1110 1015 1185 hic
1043 1111 1186 1185 ductus
1226 1109 1415 1183 obscurus
1450 1129 1523 1206 per
1553 1107 1717 1200 multas,
1751 1132 1860 1206 quas·
1883 1110 2069 1184 continno

258 1232 482 1304 observaret
513 1232 655 1317 boras,
682 1234 829 1309 nullam
848 1237 1104 1337 mutationem
1139 1237 1368 1334 praeberet,
1398 1243 1442 1307 et
1474 1255 1626 1331 semper
1645 1235 1695 1307 ab
1723 1244 1895 1333 utroque
1926 1234 2073 1328 latere,

256 1377 335 1428 non
367 1355 546 1431 obstante
573 1357 691 1433 celeri
726 1363 942 1455 rotatione,
977 1373 1024 1437 nt
1060 1363 1239 1461 deinceps
1279 1361 1520 1450 videbimus,
1554 1371 1782 1435 excurreret
1815 1385 1905 1435 cum
1935 1364 2070 1439 eadem

256 1482 400 1579 majori
429 1483 660 1576 latitudine,
694 1486 786 1561 inde
817 1490 929 1587 sequi
957 1491 1142 1578 debebat,
1178 1491 1263 1587 ejus
1293 1487 1542 1562 latitudinem
1570 1486 1718 1582 ubique
1758 1486 1919 1562 circiter
1947 1511 2073 1587 aeque

254 1629 433 1705 magnam
451 1632 535 1682 esse
557 1610 710 1686 debere.
761 1615 946 1691 Manebat
964 1617 1082 1690 ctiam
1105 1613 1358 1704 obscuritas,
1387 1613 1525 1687 iisdem
1545 1613 1850 1687 circumstantiis
1876 1625 2069 1711 spectata,

254 1734 427 1830 ejusdem
449 1735 698 1810 intensitatis.
745 1738 857 1817 Nunc
877 1743 921 1816 id
949 1743 1080 1818 adhuc
1106 1743 1279 1816 restabat
1306 1737 1607 1836 inquirendum,
1639 1747 1776 1812 utrum
1807 1763 1945 1838 nempe
1965 1742 2072 1815 illud

254 1857 546 1954 phaenomenon
565 1863 684 1938 etiam
701 1862 743 1936 in
765 1865 930 1939 australi
949 1867 1087 1941 annuli
1106 1867 1205 1942 facie
1224 1866 1354 1939 locum
1387 1860 1569 1952 haberet,
1594 1861 1703 1958 quod
1737 1863 1844 1938 hisce
1873 1867 2071 1939 accuratis

254 1984 590 2061 observationibus
620 1988 928 2081 decernebatur,
954 2000 1162 2089 postquam
1189 1988 1385 2063 nodorum
1412 1983 1553 2058 annuit
1580 1986 1723 2060 lineam
1756 1989 1968 2065 transierat
2002 1991 2067 2065 Sa·

252 2118 408 2184 turnus.
2113 2138 2117 2145 ·

267 2290 272 2297 .
301 2233 374 2306 Die
397 2234 635 2334 Septembris
656 2239 681 2318 7
698 2241 792 2314 anni
811 2241 928 2331 1790,
949 2240 1143 2315 obscurus
1169 2233 1306 2309 annuli
1324 2231 1489 2325 ductus,
1523 2237 1573 2310 20
1590 2236 1734 2333 pedum
1758 2239 1972 2317 reflecteris
1992 2268 2068 2342 ope

251 2359 427 2436 nondum
445 2365 620 2464 conspici
635 2377 814 2464 poterat,
838 2365 1093 2463 nequeatiam
1113 2361 1283 2439 annuum
1311 2358 1406 2431 satis
1432 2359 1562 2457 ample
1584 2373 1745 2460 apertus
1765 2376 1871 2457 erat,
1896 2379 1944 2442 ut
1969 2371 2069 2445 bene

245 2488 450 2562 observari
471 2500 612 2588 posset.

300 2612 402 2686 Anni
429 2613 521 2691 1791
558 2619 583 2691 5
607 2615 672 2688 die
699 2616 889 2713 Augusti,
916 2614 1022 2691 clare
1044 2637 1084 2688 se
1116 2610 1343 2687 ostendebat
1364 2607 1406 2680 in
1424 2605 1523 2681 facie
1552 2612 1689 2685 annuli
1710 2617 1899 2708 australi,
1925 2618 2067 2694 ductus

250 2737 319 2809 ille
334 2737 541 2829 obscurus,
566 2749 687 2837 atque
703 2738 821 2812 etiam
844 2739 885 2812 in
908 2738 992 2833 ejus
1011 2737 1098 2811 loco
1117 2736 1308 2826 relativo,
1337 2742 1385 2806 ut
1403 2743 1493 2807 ante
1509 2734 1551 2807 in
1574 2736 1671 2810 facie
1696 2739 1857 2814 boreali.

256 2932 260 2941 .
300 2860 374 2934 Die
398 2862 636 2962 Septembris
669 2867 741 2953 25,
767 2864 909 2938 duetus
941 2863 1029 2952 ille,
1054 2860 1185 2960 quoad
1216 2862 1344 2959 ipsum
1365 2859 1475 2955 sequi
1495 2871 1671 2959 poterat,
1696 2865 1738 2938 in
1761 2866 1922 2942 eandem
1940 2871 2065 2948 direc-

254 2988 422 3076 tionem,
446 2998 568 3087 atque
596 2991 639 3065 in
660 2990 759 3063 faeie
789 2989 940 3062 boreali
957 2989 1107 3062 circum
1131 2988 1320 3062 annulum
1341 2988 1539 3060 currebat.

298 3115 372 3188 Die
388 3112 575 3188 Octobris
597 3115 666 3206 13,
692 3115 893 3188 reflectere
915 3112 961 3186 10
983 3111 1126 3210 pedum
1148 3122 1188 3183 et
1211 3114 1285 3186 1100
1303 3109 1605 3206 amplificatione
1624 3114 1826 3213 cingulum
1854 3120 2064 3197 obscurum

248 3243 292 3316 in
322 3239 469 3314 annulo
502 3241 666 3315 maxime
702 3240 908 3340 perspicue
937 3240 1117 3326 videbat,
1151 3236 1392 3334 eandemque
1422 3236 1670 3313 latitudinem
1705 3242 2063 3345 directionemque,

249 3390 366 3464 quam
381 3365 428 3441 'in
441 3367 539 3441 facie
554 3366 728 3459 boreali,
750 3367 935 3454 habebat,
959 3389 1037 3440 non
1058 3375 1293 3439 tamentam
1312 3363 1483 3462 perfecta
1499 3365 1810 3462 obscuruserat,
1836 3394 1954 3467 quarn
1977 3398 2063 3472 spa·

248 3490 349 3563 tium
367 3490 595 3566 interiorem
609 3493 798 3567 annulum
820 3493 925 3565 inter
945 3490 1227 3589 planetamque.

298 3613 372 3687 Die
402 3616 451 3688 24
483 3614 688 3706 Octobris,
726 3637 799 3712 ope
827 3613 1046 3689 excellentis
1071 3611 1286 3685 relectoris
1321 3621 1465 3710 septem
1491 3615 1636 3712 pedum
1667 3618 1803 3690 annuli
1831 3617 2062 3693 divisionem

251 3762 372 3838 aeque
395 3741 549 3836 nigram
576 3749 694 3836 atque
724 3738 830 3812 inter
870 3741 1039 3838 spatium
1072 3737 1260 3828 ridebat,
1296 3737 1509 3835 eodemque
1539 3740 1671 3813 colore
1700 3762 1745 3813 ac
1772 3740 2062 3819 firmamentum

249 3876 361 3941 extra
385 3865 607 3963 planetam
628 3872 674 3935 nt
697 3861 844 3957 itidem
870 3863 1072 3939 reflectere
1105 3865 1154 3938 20
1185 3860 1350 3959 pedum3
1385 3885 1507 3957 quum
1534 3861 1736 3960 cingulum
1767 3866 1978 3941 obscurum
2010 3872 2061 3941 ab

249 4003 419 4091 utraque
443 3990 581 4065 annuli
597 3999 710 4088 parte
729 4012 852 4085 aeque
870 3989 997 4064 latum
1017 3999 1140 4075 esset3
1164 3987 1216 4060 ad
1242 3987 1438 4085 planetam
1460 4008 1585 4082 usque
1613 3988 1659 4061 id
1689 3990 1836 4088 optime
1858 3992 1969 4086 sequi
1991 4017 2060 4092 po.

249 4129 364 4192 terat.
414 4118 509 4192 Cum
534 4119 609 4192 600
623 4115 928 4213 amplificatione
948 4138 1075 4213 usquc
1096 4116 1148 4189 ad
1167 4113 1376 4187 dimidium
1393 4113 1593 4188 intervalli
1610 4113 1789 4202 obseuri3
1814 4116 1918 4210 quod
1941 4119 2061 4193 etiam.

249 4264 322 4342 ope
344 4245 392 4318 00
409 4243 552 4341 pedum
571 4241 784 4317 reflecteris
806 4242 1079 4340 conspiciebat.
1107 4290 1111 4301 ·

296 4368 369 4443 His
399 4393 444 4442 er
478 4368 816 4443 observationibus
844 4368 1242 4466 praecedentibusque
1274 4365 1677 4443 animadversionibus
1703 4363 1915 4469 Heraeam,
1943 4382 2059 4471 putat

239 4496 336 4594 jure
357 4516 396 4566 se
415 4515 525 4591 posse
547 4493 804 4584 concludere3
830 4495 929 4569 duos
951 4495 1099 4570 babere
1119 4492 1352 4568 Saturnum
1371 4490 1543 4567 omnuim
1567 4492 1859 4582 obsecutrices,
1885 4495 2058 4573 daumi-

247 4623 297 4696 lis
316 4630 357 4696 et
375 4621 672 4717 magnitudinis
690 4631 730 4698 et
747 4622 1001 4714 latitudinis,
1026 4623 1097 4719 qui
1110 4616 1386 4694 verosimiliter
1405 4617 1694 4692 inclinationem
1706 4617 1853 4692 iaciant
1864 4640 1953 4693 cum
1975 4624 2062 4720 pla·'

247 4757 358 4822 netae
381 4754 602 4844 aequatme.

294 4873 411 4973 Quod
426 4873 567 4946 attinet
588 4873 640 4946 ad
660 4875 939 4951 nonnullorum
966 4885 1281 4949 astronomorum
1314 4868 1562 4968 opinionem,
1588 4871 1658 4968 qui
1671 4866 1903 4953 dicereutse
1926 4874 2056 4949 varias

247 4990 457 5074 divisiones
502 4999 583 5073 sive
596 4988 602 4999 ”
615 5020 730 5073 zonas
750 4994 799 5077 'in
830 4990 976 5077 annulo
1011 5000 1228 5090 detexisse,
1264 5018 1353 5072 cum
1387 5019 1435 5070 ea
1474 4995 1685 5073 Henscann
1721 4995 1940 5070 consentire
1974 5023 2054 5074 non

239 5124 392 5222 'potest3
438 5124 597 5201 deberet
639 5135 769 5201 autam
804 5128 971 5204 annulus
1011 5124 1208 5202 coutinuis
1257 5123 1541 5198 mutationibus
1583 5120 1772 5196 obnoxius
1819 5141 1924 5213 esse,
1966 5146 2063 5223 per·

1429 5264 1436 5280 ι
1492 5268 1496 5277 .
1606 5274 1610 5283 ,
1704 5243 1772 5305 w
1989 5262 1995 5277 ¹
