4970 6164
1223 513 1537 595 ...m-.-

482 717 603 805 dine,
623 713 910 813 qualiscunque
930 714 1089 795 tandem
1111 717 1182 811 sit,
1206 722 1518 816 expectaremus3
1542 705 1708 784 fomes
1730 698 2011 784 obrotunduto
2039 694 2101 773 vel
2121 695 2307 794 inaequa-

485 842 619 928 litates
635 840 692 914 ad
712 838 815 915 illud
837 841 1052 917 conferant

1117 1116 1442 1195 maronianus
1466 1116 1508 1174 ιιι
1533 1115 1688 1172 mimo.

1350 1293 1383 1394 5.
1419 1295 1454 1371 t.

538 1492 844 1593 Conspiciuntur
873 1492 916 1568 in
938 1492 1108 1586 annulo,
1133 1516 1258 1592 quum
1279 1492 1323 1567 in
1343 1513 1391 1566 eo
1409 1498 1490 1582 est,
1508 1498 1558 1563 ut
1579 1483 1802 1588 dispareat,
1825 1482 1979 1581 aliquot
1997 1495 2144 1583 puncta
2162 1486 2310 1566 illumi·

488 1627 604 1708 nata,
636 1641 739 1715 quae
770 1618 867 1693 locis
894 1616 1073 1693 obscuris
1106 1615 1374 1704 alternantur3
1404 1613 1513 1710 quod
1537 1633 1633 1710 ergo
1670 1632 1718 1685 eo
1749 1635 1821 1686 nos
1863 1613 2008 1688 ducere
2049 1609 2211 1704 debeat,
2254 1626 2302 1689 ut

489 1742 788 1826 concludamus,
811 1740 1002 1816 annulum
1029 1740 1251 1839 superficiei
1280 1762 1362 1815 esse
1398 1761 1478 1816 non
1504 1733 1765 1833 adaequatae,
1787 1735 1858 1810 sed
1886 1737 2086 1813 montibus
2104 1736 2306 1813 excelsitu-

487 1868 725 1965 dinibusque
745 1865 932 1940 obtectae.
1481 1846 1485 1855 ’

537 1985 617 2063 Per
643 1990 781 2065 annuli
808 1990 1085 2088 disparitiones
1114 2013 1161 2068 ac
1195 1986 1507 2087 reapparitiones
1539 1986 1652 2063 annis
1684 1984 1782 2064 1773
1812 1994 1854 2058 et
1891 1985 2008 2079 1774,
2045 1985 2217 2062 Musstuu
2248 1987 2304 2088 (1)

489 2114 649 2212 optimis
680 2098 951 2189 instrumentis
975 2116 1170 2206 munitus,
1201 2112 1294 2188 inde
1315 2136 1341 2186 a
1362 2113 1492 2212 primo
1514 2113 1579 2186 die
1606 2109 1965 2203 tullianum,
2002 2132 2128 2208 quum
2157 2110 2303 2187 iterum

486 2240 655 2317 visibilis
687 2239 860 2337 eoeperit
892 2242 1061 2315 annulus
1086 2260 1189 2330 esse,
1225 2239 1361 2312 multis
1387 2240 1527 2314 diebus
1558 2233 1777 2320 continuis,
1801 2244 1949 2331 puncta
1968 2233 2103 2309 lucida
2130 2234 2173 2308 in
2200 2236 2304 2310 ansis

488 2363 609 2452 vidit,
634 2363 778 2458 quibus
809 2364 922 2459 quasi
948 2385 1179 2461 conspersus
1205 2362 1373 2436 annulus
1405 2362 1639 2450 videbatur,
1663 2380 1766 2455 quae
1790 2361 2014 2433 referebant
2042 2358 2177 2433 lumen
2206 2360 2304 2434 albi·

487 2486 608 2576 dum,
633 2485 765 2559 vivum
798 2496 837 2559 et
860 2486 1144 2583 splendentem,
1169 2487 1279 2560 velut
1298 2487 1431 2561 stellae
1454 2485 1736 2561 minutissimae
1764 2504 1838 2579 per
1866 2482 2015 2582 optima
2047 2483 2306 2558 instrumenta

486 2621 737 2710 conspectae3
761 2613 838 2711 imi
865 2636 946 2688 nou
972 2613 1104 2688 omnia
1133 2633 1257 2709 aeque
1283 2612 1418 2689 lucida
1441 2613 1707 2711 apparebant,
1732 2608 1935 2704 multaque
1959 2631 1985 2681 a
2006 2608 2235 2683 seinvicem
2250 2632 2306 2683 se·

479 2739 623 2834 juncta
651 2737 735 2811 visa
763 2746 866 2813 sunt.
914 2738 1002 2812 b'on
1029 2746 1213 2833 possunt,
1249 2736 1381 2833 inquit
1414 2737 1615 2827 Mnssma,
1646 2737 1690 2811 hi
1716 2737 1875 2811 effectus
1902 2732 2101 2809 nonnullis
2130 2731 2308 2821 satelliti,

487 2863 560 2935 bus
576 2860 725 2952 tribui,
749 2856 877 2958 quiin
897 2859 1001 2933 ansis
1017 2859 1137 2957 positi
1155 2870 1302 2949 essent3
1326 2862 1396 2936 illa
1423 2863 1574 2936 lumina
1602 2861 1750 2935 adhoc
1772 2882 1897 2957 usque
1921 2868 2072 2955 tempus
2104 2855 2179 2953 ipsi
2207 2880 2307 2952 quo-

485 3006 564 3081 que
597 2982 714 3056 nimis
742 2983 962 3057 constantia
994 2995 1285 3082 apparuerant,
1311 2986 1689 3084 conspicabaturque
1716 2984 1787 3057 illa
1812 2983 1929 3058 nimis
1963 3002 2077 3082 saepe
2105 2980 2305 3080 nimiaque

488 3105 764 3194 multitudine,
790 3128 908 3203 quam
930 3117 975 3180 ut
997 3111 1143 3184 annullo
1165 3132 1245 3184 non
1263 3110 1450 3208 adaptata
1471 3111 1613 3185 forent.

536 3232 677 3308 Postea
699 3231 798 3305 dicit
823 3232 997 3311 Mnssmu
1020 3234 1094 3333 (2),
1118 3237 1459 3312 observationibus
1481 3244 1718 3334 punctorum
1741 3234 1968 3309 lucidorum
1991 3233 2145 3330 saepius
2163 3236 2305 3332 repeti·

488 3361 561 3452 tis,
586 3359 679 3434 satis
690 3359 856 3458 probari
875 3381 1009 3457 posse,
1033 3360 1195 3435 Saturni
1212 3362 1401 3438 annulum
1424 3374 1571 3436 terram
1590 3383 1672 3435 esse
1693 3361 2005 3458 qualemcunque
2026 3359 2187 3451 iisdem,
2215 3362 2307 3458 qui«

488 3487 668 3561 busluna
688 3482 1036 3579 inaequalitatibus
1053 3486 1309 3561 instructam:
1333 3488 1499 3585 illasque
1521 3489 1611 3588 plus
1625 3488 1800 3562 minusve
1817 3486 1977 3560 luminis
1995 3486 2173 3583 accipere
2183 3511 2303 3584 quam

490 3612 628 3686 annuli
650 3609 824 3705 reliquas
846 3620 1001 3705 partes,
1023 3633 1104 3685 non
1121 3612 1250 3686 videri
1267 3637 1404 3711 posse,
1429 3615 1506 3689 nisi
1521 3616 1563 3688 in
1583 3614 1775 3711 ejusmodi
1793 3613 2121 3705 circumstantiis,
2146 3615 2307 3711 quando

489 3760 627 3835 nempe
644 3735 816 3809 emulus
831 3757 942 3809 suam
963 3736 1262 3812 crassitudinem
1291 3750 1362 3814 aut
1386 3740 1603 3837 marginem
1629 3751 1789 3815 acutum
1819 3739 2018 3829 ostendat,
2043 3746 2113 3812 aut
2144 3739 2302 3837 quando

488 3864 680 3939 inclinare
701 3859 883 3958 incipiat,
908 3884 1008 3958 quo,
1041 3863 1088 3937 lit
1105 3873 1151 3937 ut
1172 3887 1297 3963 parva
1319 3867 1404 3963 ejus
1424 3866 1648 3941 latitudinis
1667 3890 1760 3966 pars
1787 3875 1987 3966 appareat.
2038 3864 2124 3939 Tali
2149 3864 2192 3939 in
2214 3890 2305 3941 casu

489 3986 788 4084 inaequalitates
809 3982 870 4056 vel
889 3987 1129 4063 summitates
1155 3992 1292 4065 annuli
1321 3992 1472 4066 directe
1493 4016 1518 4066 a
1538 3995 1617 4070 sole
1641 3995 1840 4095 accipiunt
1865 3991 1995 4064 lumen
2016 3993 2195 4090 fiuntque
2216 3995 2306 4069 risi·

488 4113 605 4201 biles,
641 4107 775 4209 quoad
806 4109 849 4182 in
872 4109 964 4184 solis
992 4115 1131 4189 radios
1153 4125 1326 4191 transeat
1353 4116 1532 4215 planeta,
1570 4133 1617 4196 ut
1646 4120 1922 4196 observaverat
1952 4119 1995 4192 in
2023 4118 2192 4216 vesperis
2216 4130 2308 4216 post

488 4238 669 4312 ultimam
689 4259 874 4312 ansarum
895 4235 937 4309 in
959 4237 1078 4338 longo
1103 4241 1280 4316 diluculo
1311 4243 1654 4340 reapparitionem.
1704 4248 1797 4346 th.
1815 4245 1864 4321 32
1888 4240 2078 4314 annulum
2106 4267 2196 4319 cum
2225 4246 2306 4320 suis

488 4361 710 4437 lucentibus
728 4363 884 4460 punctis
901 4365 1093 4457 ostendit,
1118 4367 1220 4442 sicut
1243 4389 1290 4441 ea
1310 4369 1466 4447 viderat
1483 4375 1708 4452 Msssmaus
1740 4376 1829 4467 post
1861 4365 2214 4464 reapparitionem,
2239 4366 2304 4441 die

493 4489 512 4563 l
537 4486 639 4561 Julii
666 4485 781 4575 1774,
806 4486 977 4581 tamdiu,
1001 4489 1192 4588 quamdiu
1211 4491 1257 4567 in
1274 4493 1367 4568 solis
1385 4497 1519 4573 radios
1543 4499 1733 4575 transiret
1751 4492 1957 4566 Saturnus.

489 4711 684 4734 Μ

533 4837 582 4923 (1)
606 4834 795 4904 Memcires
815 4834 857 4902 de
883 4836 1098 4907 &Academia
1117 4842 1178 4909 der
1206 4843 1386 4931 Scaenae»,
1418 4810 1520 4920 anule
1540 4846 1808 4919 Mucctxxlv.
1841 4868 1914 4938 paq.
1938 4846 1991 4915 49.
2038 4842 2151 4912 illotus
2172 4861 2216 4911 ut
2234 4844 2297 4914 Sl·

490 4964 596 5024 Joun,
622 4946 737 5011 Essat'
756 4969 819 5010 sur
836 4948 887 5012 les
899 4948 1059 5037 ptenom.
1075 4954 1139 5021 rel.
1169 4979 1240 5023 aux
1261 4958 1366 5051 θὼρ.
1385 4987 1461 5054 per.
1481 4963 1524 5030 de
1541 4965 1702 5028 Pannona
1721 4958 1762 5024 de
1781 4955 1952 5038 Saturae,
1973 4979 2047 5048 pag.
2073 4957 2148 5023 412.

532 5054 582 5137 (2)
607 5055 795 5121 Ncuveaua
812 5056 917 5126 Mem.
937 5059 981 5126 dc
996 5060 1135 5128 I'Acad.
1155 5069 1274 5153 rcqale
1293 5071 1353 5138 des
1371 5071 1553 5153 Sct'eaees,
1577 5072 1678 5138 eunde
1698 5063 1967 5137 tintcum.
1995 5086 2067 5158 paq.
2090 5062 2189 5134 326.’
2263 5152 2268 5175 Ι
