5032 6170
1215 532 1525 611 -17ο-

1303 780 1335 882 ς.
1375 782 1434 857 13.

502 976 714 1054 Hauscnnn
738 1000 896 1075 quoque
913 987 1032 1074 atque
1055 974 1209 1068 Socra,
1233 988 1399 1073 rogante
1425 976 1667 1071 Hsanmcn,
1692 981 1763 1054 has
1789 980 2046 1053 instituerunt
2067 978 2275 1054 dimensio·

452 1124 540 1181 nes:
566 1125 692 1205 neque
712 1115 842 1176 tamen
863 1103 1018 1176 eosdem
1036 1103 1234 1178 consecuti
1256 1114 1349 1181 sunt
1365 1117 1525 1179 eventus
1546 1104 1611 1205 (1).
1659 1105 1883 1202 Accipiebat
1895 1104 2112 1195 Scortum,
2137 1106 2277 1180 diebus

450 1232 523 1317 26,
547 1231 597 1306 29
628 1229 776 1327 Aprilis
799 1238 838 1299 et
869 1229 1013 1325 8Maji
1042 1231 1136 1303 anni
1165 1232 1278 1319 1828,
1314 1230 1423 1327 quod
1456 1229 1508 1303 ad
1533 1231 1772 1305 occidentale
1797 1231 1967 1328 spatium
1999 1229 2275 1305 intermedium

452 1353 740 1446 (sinistrorsum
761 1354 802 1427 in
819 1355 931 1452 tubo)
952 1358 1084 1447 3“‚532
1094 1366 1133 1430 et
1151 1354 1259 1453 quod
1276 1353 1328 1428 ad
1344 1355 1598 1431 intervallum
1616 1357 1806 1431 orientale
1829 1356 2091 1451 (dextrorsum
2108 1358 2148 1430 in
2160 1361 2274 1455 tubo(

450 1478 594 1568 3‘'‚607.
643 1478 748 1552 Huic
779 1480 912 1571 addit,
949 1483 1056 1579 quod
1089 1482 1154 1555 die
1173 1484 1223 1556 26
1256 1482 1428 1579 Apulia,
1466 1483 1607 1579 viginti
1635 1482 1892 1556 dimensiones
1921 1481 1983 1576 (10
2010 1480 2134 1577 ipsius
2159 1493 2197 1554 et
2224 1487 2273 1558 lo

449 1602 711 1700 Haascnstn)
749 1606 911 1700 aequale
950 1608 1109 1682 omniuo
1135 1607 1370 1704 praeberent
1397 1609 1569 1705 spatium
1610 1608 1886 1681 intermedium
1918 1607 2091 1703 cujusvis
2126 1610 2267 1698 stlta.

447 1726 695 1800 Hnascnmn
715 1726 988 1822 dimensiones,
1014 1733 1122 1832 quod
1142 1731 1194 1804 ad
1213 1733 1384 1831 spatium
1405 1733 1644 1808 occidentale
1662 1731 1946 1827 (sinistrorsum
1967 1734 2009 1805 in
2026 1732 2137 1829 tubo)
2162 1757 2273 1830 prae-

446 1852 743 1941 bebant3'',612
767 1865 807 1927 et
829 1857 937 1952 quod
961 1858 1013 1931 ad
1039 1858 1229 1932 orientale
1254 1859 1397 1949 3“‚ll2.
1447 1858 1576 1933 &orn
1606 1868 1746 1932 contra
1775 1859 1989 1956 accipiebat
2006 1858 2115 1954 quod
2137 1860 2188 1934 ad
2210 1884 2275 1935 oc·

445 1976 639 2049 cidentale
659 1979 912 2054 intervallum
939 1986 1070 2074 3“‚331
1099 1995 1140 2058 et
1162 1983 1272 2081 quod
1301 1983 1354 2057 ad
1386 1983 1577 2056 orientale
1606 1983 1761 2073 3“‚502;
1784 1983 1892 2057 unde
1922 1983 2093 2057 medium
2119 1998 2271 2060 constet

446 2104 588 2191 stlta
638 2102 875 2202 Reperiebat
891 2117 1021 2182 tamon
1042 2108 1269 2194 fluescunt,
1296 2109 1632 2183 animadversione
1662 2118 1845 2183 accurate
1865 2109 2069 2201 instituta,
2095 2113 2266 2209 spatium

446 2228 637 2302 orientale
656 2231 935 2306 intermedium
954 2234 1102 2331 absque
1120 2234 1205 2309 ullo
1228 2235 1351 2311 dubio
1377 2235 1505 2333 majus
1523 2234 1755 2309 occidentali
1776 2235 1916 2309 videri.

1296 2455 1329 2556 ς.
1366 2457 1425 2531 ll.

493 2649 802 2723 &nnuscmns
824 2648 877 2722 ad
896 2648 998 2723 illud
1029 2661 1252 2750 sequentem
1270 2654 1366 2729 facit
1386 2651 1760 2728 animadversionem
1787 2650 1860 2749 (2(:
1885 2649 2047 2724 illorum
2069 2652 2269 2745 virorum3

442 2784 488 2846 ut
511 2784 551 2847 et
573 2773 740 2849 Srauvm
763 2776 1050 2850 dimensionum
1076 2776 1357 2869 differentiam,
1383 2776 1662 2853 verosimiliter
1677 2777 1771 2851 huic
1786 2776 1846 2849 rei
1868 2798 1950 2851 esse
1969 2775 2265 2852 adscribendam

443 2901 751 2975 circumstantiis
784 2924 886 2999 quae
914 2901 958 2975 in
995 2903 1237 2979 observando
1267 2905 1397 2979 locum
1435 2903 1671 2989 habuerint3
1701 2902 1987 2976 Hnnscnnmun
2012 2925 2146 3001 nempe
2172 2904 2266 2980 Soc·

443 3047 651 3122 remaque
671 3028 881 3102 intervalla
901 3027 1006 3101 inter
1023 3028 1238 3103 Saturnum
1256 3040 1297 3103 ot
1318 3028 1547 3103 interiorem
1563 3027 1701 3102 annuli
1723 3028 1939 3126 marginem
1959 3027 2152 3101 dimensos
2163 3052 2265 3115 esse,

441 3152 752 3250 exterioremque
774 3154 854 3227 sive
875 3155 1056 3228 dextrum
1087 3156 1303 3253 marginem
1327 3178 1373 3229 eo
1395 3165 1572 3252 tempore
1600 3155 1721 3227 fuisse
1746 3164 1918 3228 tenacem
1934 3163 1973 3226 et
1992 3176 2071 3226 non
2093 3153 2267 3244 clarum,

439 3289 560 3373 atqua
582 3299 678 3375 ergo
709 3280 870 3353 subtiles
889 3304 968 3355 non
988 3282 1198 3356 conoesisse
1223 3281 1522 3356 observationes.
1572 3278 1710 3379 Quod,
1731 3290 1778 3353 ut
1808 3279 2116 3354 Scnmscamus
2143 3304 2267 3378 porro

439 3401 740 3493 animadvertit,
766 3404 880 3477 valde
914 3406 1097 3480 mirabile
1127 3417 1208 3498 est,
1241 3408 1337 3503 quia
1359 3407 1441 3505 ipse
1469 3407 1546 3482 hoc
1578 3406 1871 3502 phaenomenon
1901 3405 2023 3479 variis
2054 3407 2264 3479 rotationis

438 3526 597 3624 periodi
607 3528 850 3625 temporibus
869 3530 1145 3606 observaverat
1160 3555 1361 3630 armosque
1370 3535 1456 3630 jam
1474 3543 1565 3607 ante
1576 3554 1666 3607 cum
1680 3528 1878 3605 Otanasro
1900 3530 2268 3605 communicaverat.

438 3651 618 3726 laterior
632 3653 770 3728 annuli
790 3677 971 3753 mergos
990 3668 1105 3757 parte
1125 3659 1285 3733 sinistra
1305 3681 1457 3756 semper
1479 3668 1567 3732 erat
1591 3667 1705 3732 acute
1729 3658 1986 3749 terminatus,
2009 3656 2153 3756 illeque
2176 3681 2266 3755 par·

437 3780 491 3853 tis
512 3778 674 3852 dextrae
691 3799 844 3878 semper
863 3781 992 3857 minus
1013 3782 1158 3859 clarus.
1208 3782 1323 3859 Unde
1343 3786 1524 3881 sequitur
1539 3783 1710 3860 Snnuvnr
1744 3783 2033 3858 observationes
2053 3791 2264 3882 propterea

437 3903 588 4002 primas
614 3912 748 4001 partes
778 3908 954 4001 mereri,
989 3909 1178 4008 quoniam
1209 3932 1299 3986 suas
1323 3912 1582 3990 dimensiones
1614 3930 1765 4008 semper
1799 3908 2017 3985 instituerit
2047 3908 2100 3983 ad
2128 3908 2266 3985 annuli

439 4029 658 4128 marginem
674 4032 919 4109 exteriorem.
1176 4015 1181 4022 ¹

1291 4230 1324 4330 §-
1365 4236 1426 4310 vs.

485 4417 721 4517 Reperiebat
751 4446 907 4521 quoque
934 4422 1085 4502 Bessan
1108 4424 1182 4526 (3),
1207 4426 1379 4502 limitum
1411 4427 1548 4502 annuli
1577 4428 1809 4504 ultimorum
1845 4437 2047 4518 centrum,
2082 4427 2125 4503 in
2146 4436 2263 4522 parte

437 4544 622 4621 orientali
645 4546 826 4644 planetae
848 4571 930 4623 esse
947 4551 1087 4640 situm
1111 4550 1187 4627 hac
1212 4552 1261 4626 de
1288 4575 1334 4627 re
1366 4561 1498 4627 autem
1516 4552 1647 4630 adhuc
1672 4554 1883 4631 ulteriores
1904 4551 2103 4629 desiderat
2128 4553 2259 4629 obser·

441 4760 691 4801 ¹⁸¹¹——

479 4891 528 4977 (1)
551 4895 801 4967 Artr.Ncchr.
833 4898 873 4967 Β.
893 4895 969 4964 vll.
993 4894 1052 4966 ΝΟ.
1075 4900 1150 4968 150.
1183 4922 1259 4992 pag.
1291 4900 1366 4970 113.

482 5003 530 5087 (2)
555 5005 656 5077 datr.
678 5007 833 5090 Nacta,
863 5006 997 5076 ibidem.

482 5109 532 5197 (e)
556 5111 656 5187 Δεῖν.
676 5115 810 5187 Nochr.
837 5115 878 5187 B.
900 5114 991 5189 vul.
1025 5112 1087 5189 ΝΟ.
1108 5117 1188 5221 189.-
