4978 6160
1217 586 1526 666 ...tam

503 775 674 881 Quando
696 782 808 859 aas
828 786 890 855 eut
904 778 946 859 iu
965 777 1102 863 annuli
1125 778 1263 879 planu,
1287 782 1400 863 illdd
1408 790 1646 863 momentum
1668 793 1752 875 est,
1775 780 1807 859 Ε
1828 783 1928 875 =0,
1952 770 2230 881 habenturque

747 905 842 978 0:
869 905 1201 983 -eoalrima
1227 904 1860 1006 molnstrarat-tta

744 1027 1656 1133 aatm.·asn.·e-1t)=0n.1m.s‚

455 1161 515 1235 rel
545 1158 551 1169 ’

976 1267 1556 1483 ήη.(ι-Ν)εζξ’.ῃῖζ-ξ,,

454 1496 501 1561 ut
523 1479 781 1585 supraotiam
799 1476 1029 1561 invenimus.
1377 1464 1383 1475 ’

1297 1675 1423 1775 §.sa

502 1879 685 1955 Vidimus
701 1894 826 1973 aeque
842 1867 1033 1947 annulum
1053 1869 1300 1970 disparerere
1315 1892 1451 1971 posse,
1476 1872 1660 1969 quoniam
1680 1872 1765 1969 ejus
1785 1870 1945 1968 planum
1974 1891 2046 1968 per
2070 1867 2162 1942 solis
2181 1894 2267 1945 oen·

453 2017 572 2080 trum
585 1998 751 2085 transit,
775 2004 894 2094 atque
912 2015 1002 2069 eum
1028 1995 1199 2077 mentire
1216 2018 1289 2096 per
1311 2007 1487 2085 nentrum
1510 2006 1652 2072 terrae.
1701 1993 1758 2070 Ut
1775 2016 1871 2091 ergo
1888 1992 2075 2082 sciamus,
2101 2018 2268 2093 quanam

451 2128 662 2225 utriusque
693 2122 813 2220 hujus
837 2140 979 2203 saumae
1009 2118 1209 2217 dispareat
1241 2122 1432 2215 annulus,
1453 2119 1638 2223 periodos
1668 2128 1987 2219 perscrutemur,
2012 2119 2156 2215 quibus
2176 2120 2268 2195 haee

451 2254 717 2350 phaenomena
733 2246 960 2335 obtineant,
984 2266 1064 2319 non
1092 2243 1198 2321 enim
1226 2243 1270 2320 in
1300 2254 1472 2343 utroque
1503 2268 1597 2327 essu
1612 2245 1748 2325 eadem
1772 2267 1853 2337 esse
1872 2252 2045 2346 possunt.
2095 2240 2270 2321 Pendent

451 2373 642 2449 transitus
660 2393 734 2469 per
751 2371 844 2447 solis
865 2378 1044 2446 sentrum
1074 2365 1265 2441 duntaxat
1294 2367 1346 2441 ab
1375 2370 1512 2446 annuli
1543 2380 1615 2446 aut
1638 2370 1799 2451 Saturni
1830 2375 1979 2450 eireum
1995 2368 2114 2445 solem
2133 2380 2268 2458 motu,

452 2498 721 2595 transitusque
741 2517 815 2596 per
836 2503 1016 2570 nentrum
1032 2501 1165 2566 terrae
1186 2491 1304 2567 etiam
1325 2492 1387 2568 illi
1409 2517 1434 2569 a
1457 2505 1587 2571 terrae
1605 2503 1717 2570 motu
1736 2490 1915 2592 pendent.

498 2623 667 2726 Quando
694 2621 904 2719 diligenter
918 2616 1058 2693 seriem
1082 2617 1385 2717 dimunitionum
1408 2622 1822 2721 reapperitionumque
1842 2616 1977 2691 annuli
1996 2618 2264 2709 observamus,

452 2747 799 2835 animadvertimus
816 2766 897 2820 esse
917 2742 1115 2842 quaesibi
1135 2743 1302 2820 inrioem
1321 2746 1364 2822 in
1384 2769 1542 2847 quaque
1560 2747 1804 2822 revolutione
1837 2740 1995 2817 siderali
2016 2741 2130 2816 valde
2156 2767 2268 2818 assu.-

451 2888 537 2953 rate
564 2875 780 2971 eodemque
808 2869 950 2947 ordine
973 2868 1204 2957 suooedunt3
1236 2869 1343 2945 unde
1366 2895 1439 2972 per
1463 2895 1504 2947 se
1526 2870 1838 2950 oonoludendum
1864 2876 1943 2958 est,
1973 2889 2037 2941 eas
2072 2867 2264 2964 originem

451 3007 595 3080 habere
610 3023 656 3076 er
676 2996 849 3077 transitu
867 2996 977 3098 plani
996 2995 1134 3073 annuli
1163 3017 1237 3097 per
1269 2997 1401 3076 solem.
1449 2999 1547 3077 Eooe
1574 3001 1714 3077 seriem
1743 2996 1942 3100 phasium,
1968 3003 2015 3069 ut
2042 2993 2269 3068 observatae

450 3137 563 3203 sunt·
785 3247 882 3327 1715
902 3241 1019 3320 Febr.
1038 3249 1089 3322 to
1313 3247 1459 3347 Reapp.
1510 3247 1695 3325 Marmor
1718 3250 1783 3347 (l).

780 3371 878 3450 1771
901 3369 1065 3445 lanuar.
1089 3373 1134 3446 ll
1312 3371 1459 3471 Reapp.
1508 3371 1685 3449 Mussnm
1700 3372 1768 3471 ’(2).

772 3496 883 3574 Ι1788
907 3492 1045 3569 Ostob.
1071 3498 1119 3571 10
1311 3496 1467 3598 Dispar.
1507 3498 1693 3574 monstrt
1715 3497 1780 3595 (3).
1839 3530 1845 3537 ·

775 3618 991 3701 1803J11n.
1017 3621 1063 3700 lt
1301 3623 1457 3723 Dispar.
1490 3624 1700 3702 stramen
1721 3624 1787 3723 )1).

785 3748 883 3825 1832
905 3746 1012 3823 inter
1034 3747 1461 3850 Dea7et121leapp.
1511 3749 1660 3828 Bessus
1680 3748 1746 3849 (ὅ).
2034 3818 2041 3827 .

498 3882 607 3981 Quae
626 3877 693 3953 hio
707 3872 927 3951 traduntur
945 3875 1217 3954 tantummodo
1238 3888 1286 3953 ut
1320 3877 1676 3978 approximationes
1705 3875 1989 3953 consideranda
2021 3890 2135 3970 sunt,
2168 3905 2264 3978 quo-

449 4011 555 4084 nium
572 4003 740 4081 annulus
761 4023 842 4077 non
864 4000 995 4079 subito
1010 4001 1186 4102 disparet
1203 4027 1421 4104 rursusque
1446 4015 1630 4105 apparet3
1664 4005 1804 4080 sensim
1835 4005 2050 4102 sensimque
2075 4008 2265 4080 annulum
2363 4066 2368 4077 .

403 4118 406 4124 ⁴
452 4158 499 4208 ex
522 4131 645 4208 oeulis
664 4127 908 4218 amittimus,
933 4148 1101 4227 eumque
1120 4150 1167 4204 eo
1190 4129 1342 4206 diutius
1363 4130 1560 4224 ridemus,
1586 4154 1666 4237 quo
1700 4132 1952 4231 perfectiores
1983 4132 2061 4206 sint
2091 4134 2178 4225 tubi
2199 4156 2266 4231 01»

449 4261 519 4334 tioi
533 4282 552 4345 ς’
580 4255 901 4352 contrariumque
921 4252 1109 4347 obtinet,
1152 4256 1312 4355 quando
1341 4256 1488 4336 itemm
1523 4266 1702 4358 apparet.
1751 4257 1854 4334 Hine
1882 4282 1962 4334 non
1985 4256 2142 4356 quidem
2175 4258 2263 4331 fieri

450 4394 599 4485 potest,
622 4392 670 4457 ut
696 4380 826 4480 ipsum
855 4389 1205 4484 momentumque
1235 4405 1308 4484 per
1343 4385 1464 4462 solem
1490 4386 1634 4462 transit
1677 4406 1818 4484 magna
1847 4407 1935 4462 eum
1963 4384 2173 4482 diligentia·
2199 4386 2263 4459 de-

450 4512 643 4588 liniamus.

456 4709 686 4731 ψ

496 4831 546 4919 (1)
570 4828 675 4897 Mem·
695 4824 738 4892 de
755 4826 896 4898 I'Aead.
916 4825 976 4893 des
995 4823 1177 4909 Salenses,
1202 4824 1315 4901 annie's
1332 4832 1421 4902 1715
1441 4848 1472 4902 et
1491 4837 1586 4905 1716.

495 4938 545 5025 (2)
567 4938 754 5006 Noueeaua
773 4936 878 5007 Mem.
900 4934 942 5003 de
958 4934 1104 5018 Berlin,
1130 4941 1227 5010 1776.
1264 4938 1271 4949 ’

492 5047 544 5135 (3)
571 5044 825 5114 Gonnaissanee
841 5047 902 5115 des
921 5057 1026 5139 temps
1037 5069 1131 5139 pour
1145 5049 1218 5115 Pan
1225 5040 1340 5124 *1792
1365 5064 1369 5085 ¹

494 5156 544 5242 (4)
567 5150 686 5225 Kron.'
701 5156 874 5249 Fragm„
899 5156 959 5228 Th.
982 5157 1011 5226 l.
1033 5180 1106 5250 pag.
1132 5158 1208 5227 209.
1347 5215 1352 5229 .

493 5262 544 5355 (t)
567 5263 711 5338 Astron.
730 5266 862 5339 Nacta
885 5267 949 5342 ΝΟ.
972 5269 1050 5341 236.
1070 5290 1146 5365 pag.
1166 5270 1243 5340 323.
