4970 6164
1199 446 1516 531 *wi-

454 644 552 719 latio
578 642 685 721 eima
706 644 809 722 illud
838 644 1042 744 planetae,
1065 664 1140 743 per
1167 662 1229 732 se,
1253 653 1313 721 eet
1347 643 1624 723 documentum
1651 646 1834 743 perpetui
1859 645 2084 723 eertaminie
2115 656 2273 747 pertur-

454 771 590 847 bantes
607 758 1078 868 inter'mnservanteeque
1097 769 1224 859 vires,
1259 792 1497 868 quamquam
1518 782 1689 869 utraque
1716 772 1856 847 eximie
1879 783 1938 847 eet
1961 772 2118 865 debilia,
2142 784 2272 849 tamen

452 920 494 973 ue
515 898 682 975 invieem
698 898 758 974 ita
770 898 957 979 nontinue
980 900 1161 988 frenant,
1183 906 1231 970 nt
1250 896 1483 973 univemalie
1512 896 1725 975 dietruetio
1744 908 2038 997 praeeeteetur.

500 1023 579 1100 Hie
599 1047 759 1123 qnoque
785 1024 995 1105 flnneennn
1028 1021 1328 1114 animadvertit,
1352 1022 1556 1101 minimum
1588 1026 1802 1101 ueletitatie
1829 1025 2041 1100 dienrimen
2064 1025 2171 1102 inter
2188 1027 2274 1127 pia

452 1159 583 1227 netem
605 1161 646 1224 et
663 1151 829 1227 minutos
850 1149 893 1225 in
913 1148 1047 1229 orbita
1074 1171 1147 1223 sua
1175 1149 1283 1224 eima
1304 1148 1448 1239 solem,
1471 1149 1637 1226 annulae
1668 1151 1752 1226 sine
1776 1151 1899 1227 dubie
1921 1150 1966 1226 in
1988 1150 2185 1249 planetam
2208 1151 2274 1227 de

451 1278 678 1371 truderent,
700 1276 801 1357 adeo
828 1287 876 1351 ut
905 1275 1084 1374 separati
1115 1297 1318 1370 nunquam
1355 1286 1534 1374 possent,
1561 1300 1651 1353 nam
1672 1300 1797 1376 quum
1818 1275 1936 1351 semel
1963 1298 2004 1349 ee
2027 1275 2194 1353 invieem
2214 1290 2273 1353 at-

453 1405 639 1503 tigerint,
663 1403 706 1481 in
731 1413 837 1480 statu
860 1392 1098 1502 ueq'uilibuii
1124 1400 1280 1475 stettein
1306 1411 1446 1493 erunt,
1478 1424 1599 1500 aeque
1632 1404 1800 1483 invioem
1830 1404 2018 1478 immensa
2038 1404 2078 1477 vi
2102 1405 2275 1481 eontine-

452 1532 564 1607 bunt.
611 1529 713 1605 Inde
731 1530 913 1628 nequitur
945 1529 1106 1605 externa
1124 1529 1302 1626 potentie
1318 1539 1467 1605 motum
1486 1552 1625 1604 eorum
1643 1529 1752 1605 eirea
1771 1530 1890 1605 solem
1918 1531 2086 1604 maxima
2109 1529 2273 1629 diligen·

312 1693 322 1717 ι
452 1657 511 1733 tie
541 1654 847 1737 determinatum
883 1655 1031 1746 fuisse,
1067 1662 1139 1726 aut
1177 1654 1343 1732 annulos
1376 1657 1526 1732 meum
1559 1656 1755 1754 planetam
1795 1678 1877 1730 esse
1905 1666 2077 1747 creatae,
2113 1659 2272 1754 quando

452 1804 592 1863 eorum
610 1791 772 1856 mutuus
787 1793 916 1858 motus
934 1779 1170 1862 orbicularis
1180 1782 1267 1879 jem
1286 1782 1344 1859 ita
1365 1793 1453 1861 erut
1471 1783 1679 1873 definimus,
1711 1791 1830 1879 atque
1857 1782 1900 1857 in
1928 1783 2045 1884 plena
2066 1783 2274 1883 liberaque

454 1906 630 1987 omnium
649 1910 850 2009 agentium
871 1909 1020 1986 virium
1040 1907 1279 1988 efficaettate.

1312 2132 1346 2233 ς.
1396 2135 1431 2212 ⁷.

501 2333 671 2429 Exeepta
688 2327 887 2404 rotatione
904 2326 1175 2404 (intumuimus
1206 2326 1419 2404 nmmum
1446 2328 1578 2403 adhue
1606 2328 1870 2404 uenditionem
1903 2332 2060 2420 statuit,
2084 2355 2187 2428 quae
2207 2359 2275 2410 an·

453 2460 550 2535 nule
578 2452 845 2531 eonservando
870 2452 1057 2543 inservit,
1093 2453 1178 2551 ejus
1205 2474 1343 2550 nempe
1370 2451 1603 2526 divisionem
1633 2454 1676 2526 in
1707 2452 1807 2527 duos
1842 2456 2008 2530 annulos
2079 2453 2274 2556 Quoniam

453 2608 579 2685 parva
595 2581 795 2671 crassitie,
819 2589 999 2679 respectu
1019 2578 1183 2677 insignis
1206 2576 1429 2651 latitudinis
1457 2578 1615 2668 annuli,
1639 2579 1732 2653 illae
1754 2590 1909 2678 penten,
1933 2604 2105 2680 quarum
2129 2584 2275 2662 distan.

453 2714 534 2786 tiae
551 2736 576 2786 a
603 2711 784 2808 planetae
811 2716 967 2798 uentre,
993 2705 1206 2780 seeundum
1226 2703 1386 2777 tertiam
1415 2702 1594 2779 Knnnnnl
1620 2703 1771 2801 legem,
1795 2706 1921 2781 multo
1950 2708 2175 2785 eeleriorem
2196 2737 2279 2788 me·

455 2849 540 2911 tum
563 2836 746 2937 pertibus
771 2833 895 2932 magis
913 2832 1061 2907 dissitis
1086 2832 1275 2920 habeant,
1300 2830 1436 2904 annuli
1455 2831 1637 2929 partibus
1659 2855 1739 2906 non
1759 2832 1852 2907 satis
1871 2855 1952 2906 esse
1972 2845 2125 2932 poterat
2141 2839 2278 2915 solidi-

455 2964 575 3056 tatis,
598 2972 646 3036 ut
668 2963 774 3035 inter
790 2982 831 3033 ee
850 2960 1085 3057 conjunctae
1100 2965 1319 3032 manerent.
1368 2957 1480 3033 Nune
1502 2967 1632 3032 autem
1656 2957 1698 3031 in
1725 2957 1853 3032 divisa
1873 2983 2008 3035 eorum
2030 2962 2277 3060 uenditione,

455 3087 579 3164 variis
599 3087 784 3187 panibus
811 3085 890 3160 erit
923 3085 1072 3159 rotatio
1091 3108 1180 3160 cum
1212 3083 1449 3157 formatione
1478 3095 1517 3158 et
1541 3083 1764 3181 eentrifuga
1793 3085 1831 3158 vi
1857 3088 2111 3179 eonveniem,
2148 3091 2206 3166 ita
2231 3105 2278 3168 ut

454 3239 501 3291 eo
525 3214 642 3290 modo
665 3221 918 3313 prospectum
942 3214 994 3286 sit
1028 3211 1203 3286 universi
1233 3209 1369 3284 umuli
1397 3210 1707 3297 eonservetieni3
1732 3213 1910 3307 quemvis
1936 3212 2037 3286 illud
2057 3238 2137 3292 non
2163 3217 2278 3294 indu·

452 3343 617 3418 bitabile
642 3348 919 3439 argumentum
943 3339 1051 3436 qued
1090 3338 1143 3411 ed
1175 3336 1406 3411 diuisionem
1438 3338 1650 3435 variasque
1681 3337 1890 3413 rotationis
1920 3339 2106 3439 periodos
2137 3344 2278 3423 haben·

453 3469 573 3561 velit,
599 3468 707 3569 quod
729 3466 1069 3541 observationibus
1086 3465 1214 3540 solnm
1234 3462 1450 3561 dijudicari
1468 3465 1618 3564 peterit
1640 3461 1706 3563 (1).

461 3722 664 3743 *tu

392 3902 394 3907 ’
500 3903 1125 3999 (1JPIti12Trentaet.MIlCCXGH.
1156 3904 1244 3975 int.
1264 3905 1293 3975 1.
1323 3929 1398 3999 pag.
1421 3910 1454 3978 7.
1500 3905 1647 3976 latren.
1667 3903 1796 3975 Jahrb.
1817 3905 1918 3976 1796.
1944 3926 2021 3999 pag.
2038 3909 2099 3980 91.
