4970 6164
940 555 1272 634 ..221-

195 746 326 823 dinem
346 746 524 846 reliquae
544 747 682 824 annuli
713 750 839 848 partis
872 759 1050 828 munseo
1080 749 1170 825 sint.
1217 744 1325 823 Haeo
1356 753 1488 821 auum
1508 756 1566 823 est
1587 746 1894 839 animadversio,
1919 768 1999 845 qun

195 895 306 947 auam
328 872 543 950 omasus
562 874 852 972 explicationem
876 877 1010 952 firmat
1032 875 1094 974 (1).

243 997 508 1098 Coum-nentia
538 1000 659 1097 hujus
687 999 1211 1098 animadversionemque
1238 996 1439 1090 Baiuras,
1469 1021 1516 1075 ex
1538 1000 1790 1076 multitudine
1806 1013 1914 1103 patet
1936 1004 2004 1078 ob-

193 1122 478 1215 servationum,
500 1134 548 1198 ut
567 1149 603 1200 v.
625 1149 658 1200 a
680 1126 723 1200 in
750 1126 846 1200 lune
873 1126 1105 1220 fusilem,
1129 1124 1287 1224 quando
1307 1123 1392 1220 ejus
1413 1148 1492 1199 non
1515 1123 1742 1197 luminatum
1767 1129 2004 1229 hemisphae-

193 1270 277 1322 ram
293 1247 415 1322 debili
436 1248 612 1323 ridemus
637 1249 806 1342 lumine,
830 1252 1127 1349 illuminataque
1148 1270 1298 1324 eornua
1329 1245 1381 1319 ed
1403 1248 1591 1344 majorem
1621 1248 1814 1326 circulum
1834 1255 2005 1352 pertines

194 1394 240 1447 re
266 1373 470 1463 ridentur,
496 1396 611 1471 quam
630 1374 930 1451 circumclusum
951 1379 1161 1451 obseurum
1179 1373 1391 1463 airardum,
1415 1383 1524 1447 -et
1546 1393 1616 1446 uos
1632 1372 1822 1469 proclives
1846 1399 2002 1467 sumus,

193 1507 241 1571 ut
274 1497 396 1571 stellis
428 1498 516 1573 liris
534 1498 661 1573 mutto
683 1503 959 1579 notabiliorem
989 1512 1240 1602 apparentem
1268 1500 1579 1599 magnitudinem
1608 1500 1850 1592 tribuamus,
1883 1525 2002 1597 quam

191 1645 332 1698 revera
348 1624 593 1722 possideant,
618 1635 691 1701 ete.
712 1626 779 1725 (2).
828 1629 1104 1709 Hmsoumrus
1127 1630 1246 1704 etiam
1268 1628 1311 1701 in
1338 1628 1418 1701 suis
1447 1628 1497 1702 de
1523 1626 1666 1701 lucidis
1693 1626 1847 1724 punctis
1871 1628 2005 1703 obser·

192 1749 439 1840 rationibus,
463 1751 516 1824 ad
534 1751 636 1826 hano
662 1773 745 1825 rem
768 1764 940 1833 attentus
959 1759 1112 1848 fuerat,
1137 1775 1391 1854 expresseque
1416 1753 1564 1850 ajebat,
1588 1762 1734 1850 puncta
1751 1753 1904 1842 lueida,
1929 1776 2002 1851 per

193 1897 294 1972 quae
323 1875 448 1974 ipsius
473 1876 609 1949 annuli
629 1876 862 1955 rotationem
885 1881 1114 1974 definiebat,
1139 1905 1219 1957 nou
1241 1887 1391 1954 montes
1415 1900 1495 1951 esse
1517 1876 1792 1967 nominandos,
1818 1880 2002 1974 quoniam

192 2000 312 2073 etiam
331 2010 465 2098 partes
487 2001 741 2098 planitierum
761 2013 915 2100 possent
935 2028 1037 2100 esse,
1062 2029 1162 2107 quae
1181 2006 1308 2080 solum
1326 2001 1560 2076 viridiorem
1583 2000 1706 2076 lucem
1731 2001 1997 2092 reflecterent,

193 2134 315 2221 atque
336 2147 362 2198 a
380 2125 494 2200 nobis
518 2126 600 2200 sine
620 2126 786 2202 notabili
805 2141 1018 2227 apparente
1035 2129 1307 2230 magnitudine
1322 2126 1651 2222 eonspieerentur.

243 2249 333 2324 Hoo
351 2272 447 2348 ergo
475 2260 522 2322 ut
538 2271 760 2325 eoncessum
782 2262 997 2346 sumentes,
1022 2255 1226 2351 inquirere
1242 2249 1450 2340 deberem,
1484 2249 1680 2344 quomodo
1711 2251 1848 2324 annuli
1878 2248 2003 2347 plani-

189 2370 265 2445 ties
286 2395 313 2445 e
330 2375 411 2447 sole
430 2375 629 2450 oeeidente
646 2376 776 2449 adhue
799 2374 928 2449 debile
957 2375 1179 2449 illuminata
1196 2374 1239 2449 in
1258 2376 1403 2451 nostris
1434 2376 1578 2465 eumn,
1603 2375 1674 2470 qui
1695 2375 1777 2450 fere
1807 2378 1850 2449 in
1867 2373 2003 2448 annuli

190 2496 312 2596 plano
331 2500 499 2592 adsunt,
522 2510 734 2600 appareat,
759 2510 799 2574 et
818 2523 913 2574 num
941 2500 1060 2573 etiem
1088 2500 1178 2574 leae
1194 2498 1237 2573 in
1266 2500 1340 2576 heo
1370 2511 1485 2576 tenue
1508 2500 1729 2574 illuminata
1761 2501 1899 2575 annuli
1921 2499 2005 2597 pla·

190 2622 291 2695 nitie
322 2645 404 2697 esso
429 2627 600 2723 possint,
632 2649 658 2700 a
691 2628 834 2724 quibus
864 2626 1056 2701 intensior
1083 2624 1152 2700 lux
1180 2623 1233 2699 ad
1266 2636 1422 2702 nostros
1452 2627 1654 2724 perteniat
1683 2626 1828 2701 oorrlos.
1888 2623 2003 2698 eirea

191 2741 271 2817 hoe
287 2752 438 2845 tempus
460 2772 612 2826 neeesse
635 2758 716 2838 est,
739 2760 787 2824 ut
819 2748 987 2823 annrrlus
1017 2769 1058 2821 se
1090 2748 1202 2822 uobis
1231 2751 1435 2842 ostendat,
1467 2760 1512 2825 ut
1541 2749 1655 2826 ualde
1684 2755 1923 2825 contractam
1953 2744 2006 2819 el·

190 2868 340 2967 lipsio,
374 2895 476 2969 quae
499 2896 643 2972 parum
672 2897 697 2947 a
725 2874 829 2948 eaeo
861 2873 1041 2965 differat,
1074 2882 1194 2970 atque
1220 2875 1272 2948 ab
1303 2885 1473 2972 utraque
1501 2874 1659 2951 Saturni
1689 2877 1853 2950 emineat
1878 2881 2003 2970 parte.

190 2995 321 3089 Atqui
340 2996 493 3090 lumen,
519 2999 626 3098 quod
658 2999 710 3073 ab
741 3021 979 3097 unoquoque
1012 2998 1132 3095 hujus
1165 2997 1291 3075 lineae
1317 3009 1462 3099 puncto
1484 2997 1536 3073 ed
1555 3000 1710 3075 oculum
1737 2998 1909 3088 aeeodit,
1933 2995 2007 3075 tali

190 3119 313 3196 modo
336 3132 567 3224 eomputare'
592 3149 821 3224 pommus:
857 3123 1027 3199 lennem
1058 3122 1194 3199 annuli
1219 3125 1361 3203 lineam
1393 3128 1476 3203 sine
1502 3125 1625 3200 dubio
1644 3149 1691 3200 eo
1710 3125 1797 3202 loeo
1816 3122 2009 3199 lucidissi-

192 3268 300 3322 manr
322 3250 523 3344 ridemus,
547 3274 628 3350 quo
647 3251 753 3325 risus
785 3250 913 3326 nostri
946 3250 1084 3325 radius
1110 3260 1282 3325 meent
1310 3256 1474 3329 maxime
1504 3252 1743 3333 illuminatas
1759 3250 1895 3327 annuli
1917 3271 2008 3346 par·

196 3380 274 3461 tea,
299 3374 361 3447 rel
377 3376 453 3466 ibi,
477 3378 548 3452 ubi
568 3376 780 3452 illuminati
801 3376 938 3452 annuli
967 3374 1188 3450 crassitudo
1201 3376 1253 3451 sit
1274 3376 1462 3466 mexima3
1486 3377 1722 3474 quandoque
1745 3374 2006 3448 intensitatern

190 3494 356 3570 luminis
373 3501 511 3574 annuli
541 3500 753 3576 illuminati
782 3525 828 3577 ex
856 3497 1066 3575 latitudine
1099 3512 1388 3599 eomputamuS,
1413 3510 1634 3598 sequentem
1659 3498 1899 3597 requirimus
1914 3519 2009 3594 pro-

193 3620 451 3719 positionem:
474 3629 526 3699 ln
547 3627 698 3725 titgeri
718 3628 825 3702 orbis
839 3625 999 3702 Saturni
1019 3648 1107 3699 oum
1125 3627 1314 3701 ambobus
1329 3627 1484 3702 annulis
1501 3626 1678 3725 depictus
1698 3634 1777 3712 est,
1795 3623 2007 3696 seeundum

194 3768 314 3822 veras
329 3749 612 3826 diametrorum
632 3751 858 3839 relationem
883 3751 990 3848 nigri
1019 3752 1155 3825 annuli
1182 3752 1394 3829 intervalla
1420 3754 1616 3851 planetam
1646 3762 1686 3827 et
1710 3751 1873 3824 annulos
1903 3749 2007 3822 inter

193 3886 436 3971 proponunt.
495 3876 577 3975 Ipsi
615 3877 786 3954 Saturno
826 3878 927 3954 nihil
961 3899 1083 3973 porro
1122 3878 1240 3968 inest,
1278 3879 1386 3976 quod
1421 3877 1473 3952 ad
1507 3888 1661 3952 nostras
1700 3874 2006 3961 observationes,

195 4019 319 4093 *lm
343 4002 451 4098 quod
474 4022 544 4074 nea
574 4000 782 4100 impediat,
820 4005 930 4080 illam
962 4003 1096 4079 annuli
1121 4012 1274 4101 partem
1292 4021 1521 4099 agnoscere,
1544 4023 1645 4097 quae
1668 4001 1873 4097 interjacet
1886 3998 2007 4071 lineas

245 4352 294 4438 (1)
318 4350 410 4417 llane
431 4348 592 4447 Ouarasn
608 4349 851 4443 explicationem
870 4360 1097 4419 commeruerat
1116 4350 1273 4417 narrans
1292 4347 1326 4419 in
1344 4349 1407 4414 suis
1431 4348 1598 4439 operibus:
1623 4346 1745 4435 Briofe
1768 4346 1851 4409 eber
1869 4345 2006 4411 diede-

197 4465 389 4541 tronemio,
414 4471 508 4548 atque
538 4458 578 4524 V
577 4461 779 4552 orleaengen
807 4461 891 4526 iiber
915 4461 975 4526 die
990 4461 1227 4537 Aaronom,
1252 4478 1387 4545 eamque
1421 4453 1553 4524 Ounnaa
1583 4459 1649 4546 ipse
1681 4453 1771 4521 valde
1793 4453 1899 4520 laudat
1918 4456 2004 4520 relat

193 4572 323 4662 egregie
344 4583 376 4637 et
396 4569 500 4659 ample
527 4567 734 4658 propositam.
780 4568 855 4636 vid.
875 4570 1019 4638 Astron.
1046 4569 1201 4651 lt'eehrss,
1225 4568 1264 4635 B.
1284 4563 1342 4633 xl.
1370 4561 1428 4632 ΝΟ.
1449 4568 1526 4637 241.
1571 4565 1651 4632 Inde
1669 4577 1716 4631 est
1736 4563 1822 4653 quod
1846 4562 1928 4629 hano
1949 4585 2002 4628 ex·

195 4681 406 4771 plicationem
427 4678 604 4775 describam
625 4700 662 4744 ex
682 4701 776 4770 opere
798 4679 838 4745 V
837 4680 1040 4768 orleauagea
1060 4679 1142 4743 atter
1163 4676 1221 4743 dte
1240 4675 1470 4744 Astronomie.

212 4818 220 4841 r
246 4791 298 4875 (2l
320 4788 382 4857 Sed
401 4778 456 4854 bie
472 4785 701 4854 observandum
723 4799 790 4868 est,
813 4774 901 4854 illam
920 4787 1006 4852 risus
1030 4785 1211 4854 illusionem
1237 4798 1362 4852 tautum
1391 4782 1484 4851 aoulo
1507 4805 1571 4851 nau
1601 4794 1721 4851 amato
1741 4778 1845 4848 laeum
1864 4777 2002 4858 habere,

195 4897 254 4964 sed
279 4919 343 4988 ope
356 4908 465 4985 autem
481 4895 648 4987 teleeeapii
664 4897 848 4987 disparere,
870 4918 991 4986 nosque
1021 4896 1132 4967 amitas
1147 4897 1242 4968 imae
1262 4895 1376 4966 canan
1395 4895 1547 4971 abtultus
1575 4915 1675 4983 aeque
1700 4912 1852 4980 mauros,
1883 4888 2016 4957 stellas*

196 5008 381 5098 qualitas,
402 5018 439 5073 at
458 5016 578 5097 puncta
595 5007 665 5074 sina
680 5006 927 5075 dimensionibus
948 5005 1070 5075 ridere.
1117 5006 1275 5092 Quatenus
1294 5005 1374 5072 haee
1400 5005 1585 5073 narratur
1604 5002 1722 5081 thesis,
1751 4999 1846 5087 liujus
1875 4998 1922 5064 rei
1952 5022 2005 5066 ra·

195 5115 292 5183 tione
318 5115 450 5198 habita,
473 5113 604 5188 lundata
621 5115 685 5197 sit,
705 5141 769 5187 naa
788 5116 973 5210 inquiram
996 5114 1122 5185 lucidae
1150 5115 1261 5184 mati
1289 5116 1432 5184 masmae
1459 5113 1587 5207 optimis
1616 5124 1689 5182 aaut
1716 5111 1898 5180 observatae
1910 5108 2006 5179 telet-

197 5246 319 5317 capua.
