5032 6170
1229 538 1538 615 ...ιω-

480 738 603 827 bant,
627 734 758 834 quoad
787 736 859 811 air
885 734 1009 834 magis
1040 733 1215 808 minusve
1241 757 1368 835 purus
1397 733 1605 832 clarumque
1633 746 1742 811 esset.
1791 733 1935 808 Versus
1954 731 2130 832 planctae
2148 733 2284 811 aumi-
2378 768 2382 774 ·

482 864 677 938 nationem
701 861 908 958 aliquoties
929 861 990 935 vel
1011 883 1074 935 sex
1094 863 1232 937 annuli
1259 860 1621 957 distmguebautur,
1654 862 1776 959 idque
1797 862 1953 959 quidem
1979 858 2050 933 tuli
2068 859 2285 939 distinctio·

480 1012 553 1080 ne,
578 1002 624 1063 ut
650 989 775 1064 omnis
795 986 963 1085 suspicio
989 987 1219 1076 tolleretur,
1243 989 1314 1063 illa
1336 988 1601 1086 phaenomena
1642 986 1816 1062 illusioni
1851 987 2002 1085 optione
2026 986 2284 1065 adscribenda

483 1137 576 1190 csse.

528 1242 585 1316 Ut
614 1242 719 1316 visus
747 1240 850 1315 acies
888 1239 1104 1337 probetur,
1138 1240 1254 1316 affert
1284 1241 1435 1335 adhuc,
1476 1239 1711 1314 durantibus
1753 1239 2116 1327 observationibus,
2151 1263 2283 1317 omnes

480 1379 627 1468 septem
655 1366 814 1441 Saturni
845 1366 1030 1439 satellites
1052 1367 1198 1464 optime
1224 1370 1396 1466 potuisse
1419 1366 1609 1464 conspici3
1633 1365 1839 1463 quoniam,
1863 1373 2067 1439 uinctum
2093 1373 2176 1457 est,
2202 1367 2284 1440 dno

481 1495 656 1594 proxime
671 1494 862 1591 planetam
881 1491 947 1565 siti
972 1492 1084 1565 valde
1102 1491 1275 1568 difficiles
1293 1495 1502 1569 observatu
1515 1500 1617 1566 sunt.

529 1620 584 1693 Ex
615 1638 662 1692 eo
693 1616 1001 1693 concludendum
1029 1626 1115 1708 est,
1148 1620 1441 1718 atmosphacrao
1476 1619 1674 1694 Romanae
1696 1615 1912 1690 claritatem
1940 1616 2079 1690 cumis
2103 1616 2283 1692 idoneam

482 1766 563 1818 esse
587 1744 780 1841 ejusmodi
802 1744 1009 1817 subtilibus
1038 1745 1396 1840 observationibus,
1430 1746 1615 1844 quoniam
1645 1742 1840 1831 ocularia,
1873 1741 2017 1838 quibus
2040 1742 2106 1817 hic
2127 1744 2285 1817 uteban-

484 1879 573 1961 tur,
597 1891 647 1943 nc
668 1868 930 1945 achromatica
956 1870 1115 1967 quidem
1134 1881 1261 1945 erant.
1307 1871 1532 1969 Optandum
1553 1892 1668 1968 ergo,
1698 1879 1746 1942 nt
1766 1868 1902 1943 Pater
1920 1868 1981 1941 Dr
1997 1868 2118 1959 V1co,
2152 1869 2285 1942 melio-

483 1991 595 2065 ribus
615 1990 830 2068 iustructns
851 1995 1139 2086 instrumentis,
1167 1996 1454 2070 observationes
1475 2016 1564 2071 suas
1576 2002 1861 2093 persequatur,
1886 1991 1991 2066 uude
2015 1992 2185 2066 mtdtum
2209 1993 2285 2066 uti·

483 2118 606 2192 litatis
628 2118 671 2192 in
693 2120 970 2193 astronomiam
988 2120 1212 2195 redundare
1233 2123 1366 2221 possit.

1333 2314 1365 2414 s.
1403 2319 1438 2391 a.

530 2508 697 2610 Quando
721 2508 889 2583 annulus
916 2512 1120 2589 maximam
1138 2512 1254 2588 habet
1275 2522 1524 2609 aperturam,
1550 2508 1662 2582 uobis
1687 2531 1728 2581 se
1746 2508 1939 2596 ostendit,
1963 2505 2046 2581 fere
2066 2507 2201 2605 utfig.
2221 2511 2282 2584 3&

482 2635 642 2723 lacent,
679 2636 779 2710 sicut
806 2659 871 2711 eos
890 2649 1080 2714 monstrat
1101 2640 1254 2737 ligura,
1278 2637 1415 2712 annuli
1440 2633 1514 2709 sibi
1544 2633 1762 2730 conjuncti,
1786 2646 1989 2709 uteorum
2010 2632 2146 2721 facies,
2170 2636 2282 2731 quasi

481 2762 639 2838 unicum
660 2759 822 2858 planum
844 2764 1104 2857 constituant,
1129 2774 1249 2861 atque
1270 2764 1328 2836 ita
1344 2786 1383 2837 se
1400 2769 1447 2835 ut
1468 2758 1627 2833 unicum
1640 2760 1829 2833 annulum
1856 2759 2134 2855 homogeneum
2157 2771 2284 2835 osten·

479 2888 602 2974 dunt,
627 2889 740 2985 cujus
757 2890 899 2963 fissura
924 2891 1257 2981 circumcurrens,
1282 2912 1361 2985 qua
1393 2883 1605 2985 bipartitus
1635 2882 1703 2978 fit,
1737 2908 1900 2985 parram
1924 2885 2042 2958 habet
2066 2883 2108 2956 in
2126 2889 2284 2983 appari·

479 3014 625 3087 tionem
645 3011 869 3104 efficaciam,
903 3014 961 3087 ita
993 3023 1039 3087 nt
1064 3036 1128 3089 eos
1156 3013 1626 3114 possimusconsiderare,
1660 3034 1707 3087 ac
1733 3013 1766 3086 si
1795 3033 1896 3086 unns
1930 3017 2084 3082 tantum
2115 3011 2283 3085 annrdus

479 3141 642 3215 adesset.
1202 3131 1211 3147 ‘
1413 3142 1419 3155 “

526 3266 694 3341 Modicia
723 3264 958 3365 telescopiis,
994 3265 1179 3343 annulum
1212 3266 1255 3341 in
1282 3267 1516 3366 disparendo
1552 3263 1749 3364 gradatim
1789 3261 1964 3336 videmus
2003 3258 2190 3354 diminui,
2223 3275 2281 3339 at·

480 3413 557 3489 quc
577 3414 619 3466 se
637 3393 787 3489 quasia
805 3389 962 3489 planeta
976 3392 1221 3492 disjungere3
1246 3396 1354 3489 quod
1378 3396 1471 3469 huic
1496 3402 1553 3467 est
1578 3392 1638 3466 rei
1662 3386 1984 3480 adscribendum,
2010 3390 2121 3485 quod
2137 3391 2282 3466 illumi-

480 3526 593 3589 natae
617 3527 748 3613 partes
768 3516 876 3613 apud
896 3516 1087 3592 Bultimo
1114 3518 1315 3617 disparere
1347 3521 1510 3610 debent3
1544 3520 1639 3619 quia
1666 3540 1759 3618 pars
1784 3515 2005 3590 illuminate
2034 3516 2092 3590 ibi
2115 3519 2281 3591 maxima

478 3651 558 3732 est,
582 3650 701 3737 atque
724 3641 840 3714 etiam
865 3644 960 3738 qnia
985 3645 1090 3717 inter
1118 3668 1211 3743 pars
1236 3645 1455 3721 illuminata
1489 3647 1523 3720 B
1549 3655 1587 3719 et
1616 3643 1647 3718 G
1672 3666 1751 3716 non
1772 3663 1797 3713 a
1825 3641 2003 3716 caemleo
2031 3642 2130 3717 coeli
2149 3645 2280 3718 colore

479 3777 704 3866 separatur:
731 3790 810 3863 quo
831 3766 900 3859 fit,
927 3778 974 3843 ut
1001 3766 1115 3843 ambo
1141 3770 1235 3845 fines
1257 3771 1466 3848 ulteriores
1492 3793 1676 3847 ansarum
1695 3768 1835 3842 ultimo
1864 3768 2066 3866 disparere
2088 3766 2277 3861 debeant,

476 3892 683 3990 primoque
711 3889 854 3961 iterum
884 3891 1053 3968 risibiles
1078 3895 1177 3970 lieri.
1224 3890 1328 3969 Hinc
1362 3901 1564 3997 seqnitur,
1602 3909 1648 3977 ut
1666 3907 1852 3992 tanquam
1881 3893 1978 3966 tales
2009 3916 2050 3967 se
2076 3918 2101 3967 a
2124 3895 2280 3993 planeta

478 4018 701 4115 disjungere
736 4014 922 4104 debeant3
956 4017 1035 4094 huc
1069 4038 1226 4117 quoquc
1255 4020 1428 4117 accedit,
1467 4028 1574 4124 quod
1609 4032 1741 4125 partes
1776 4019 2070 4117 angustissimae
2098 4020 2279 4098 claritate

481 4139 578 4213 disci
593 4140 770 4237 planetae
791 4142 1005 4241 propinqui
1024 4144 1298 4221 obscurantur.

525 4256 710 4337 Videmus
731 4290 888 4366 quoque
909 4288 1026 4343 uuam
1059 4292 1243 4345 ansarum
1272 4294 1384 4371 saepe
1413 4276 1524 4375 prius
1545 4297 1663 4373 quam
1686 4271 1802 4347 aliam
1825 4265 2027 4366 disparem
2059 4290 2279 4370 rursusque

477 4409 689 4486 apparere,
724 4391 832 4485 quod
870 4394 1081 4471 secundum
1111 4401 1340 4478 Doururomr
1377 4399 1531 4474 Cassnu
1559 4398 1653 4474 huic
1684 4398 1745 4474 rei
1782 4392 2036 4468 tribuendum
2069 4400 2146 4472 esta
2182 4394 2279 4492 quia

477 4524 631 4613 Partes,
661 4538 762 4613 (luae
784 4516 921 4591 hocin
938 4543 1030 4597 casir
1050 4523 1176 4602 lucem
1200 4528 1424 4617 reflectunt,
1448 4549 1527 4601 non
1555 4525 1598 4600 in
1621 4526 1706 4625 ipso
1729 4544 1810 4598 nno
1828 4519 2041 4617 eodemque
2068 4519 2166 4594 sitne
2186 4531 2278 4594 sunt

442 4726 445 4732 ,
479 4640 616 4741 plan03
636 4641 712 4717 hoc
734 4652 865 4716 autem
886 4643 1015 4723 adhuc
1035 4640 1203 4727 ulterius
1221 4655 1488 4730 tractabimus.

1326 4849 1359 4950 s.
1394 4852 1430 4928 c.

970 5112 975 5122 ,
1068 5003 1152 5135 ,ὑπ
1176 5011 1310 5110 uuum
1334 5054 1637 5141 umcrsromes
1750 5134 1753 5139 Ι
1887 5024 1891 5033 ’

522 5196 741 5298 Definiebat
785 5220 988 5300 Hecuues
1029 5228 1323 5328 proportionem
1362 5225 1544 5306 diametri
1581 5223 1733 5305 annuli>
1751 5220 1810 5298 'ad'
1830 5220 1942 5301 illum
1983 5222 2142 5301 Saturni
2177 5230 2275 5307 uti
