4978 6160
1249 536 1536 614 ...lo—..-

477 734 591 809 bram
620 732 750 806 minus
778 731 1010 808 obscuramz
1038 728 1247 825 utriusque
1282 740 1411 805 autem
1441 734 1605 808 umbrae
1633 731 1764 829 figura
1796 732 1980 829 vergebat
2006 732 2059 809 ad
2096 733 2295 835 paraboli-

476 882 581 950 cam,
605 870 651 931 ut
669 856 712 930 in
736 858 826 956 ngr.
851 861 921 948 16,
945 878 1066 929 crura
1085 863 1218 929 autem
1238 858 1426 932 comitum
1438 858 1580 955 juncta
1594 868 1707 934 erant
1722 858 1905 936 Saturno.

1332 1052 1363 1153 §-
1403 1052 1438 1131 7.

525 1248 583 1320 De
605 1249 782 1322 llnvnuo
803 1247 923 1345 plura
943 1248 1074 1323 dicere
1099 1272 1327 1347 possumuS,
1359 1252 1506 1350 quippe
1536 1251 1607 1347 qui
1635 1252 1800 1326 multam
1827 1250 1938 1324 dedit
1956 1273 2115 1349 operam
2136 1252 2295 1327 investi-

476 1372 627 1470 gandae
648 1373 762 1447 faciei
790 1374 989 1470 variisque
1018 1375 1225 1471 phasibus,
1251 1377 1324 1450 sub
1352 1379 1496 1474 quibus
1528 1401 1568 1451 se
1600 1378 1793 1451 Saturnus
1814 1377 2059 1467 ostendebat,
2083 1386 2128 1451 ut
2155 1377 2295 1454 docent

477 1499 557 1575 duo
577 1502 661 1597 ejus
681 1522 824 1598 opera,
848 1499 1042 1575 alterum:
1078 1504 1327 1578 Bissmtutio
1355 1504 1406 1577 de
1439 1503 1604 1578 Natura
1636 1503 1817 1578 Saturni
1831 1502 1949 1600 focae
1978 1505 2143 1603 ejusque
2164 1505 2294 1578 curiis

469 1626 690 1723 placidus,
722 1634 836 1699 certa
868 1628 1035 1722 periodo
1079 1628 1371 1719 redeuntibus,
1410 1629 1570 1703 cedant
1604 1632 1711 1707 1656.
1752 1628 1920 1703 alterum
1954 1629 2290 1730 Selauogtuphiu.

472 1751 567 1849 Peg.
589 1755 609 1826 1
631 1753 783 1850 operis,
808 1751 975 1848 prioris,
1000 1752 1056 1825 sio
1077 1754 1277 1851 loquitur:
1313 1783 1334 1822 o
1348 1754 1562 1827 Saturnum
1584 1778 1721 1854 nempe
1743 1778 1823 1830 non
1848 1776 1929 1827 esse
1959 1756 2119 1851 simmei<
2147 1778 2291 1852 eorpus

475 1880 741 1969 tromndum,
776 1879 998 1969 uniforme,
1029 1880 1146 1955 sicuti
1165 1879 1412 1975 reliquorum
1440 1880 1689 1977 planetarum
1720 1882 1966 1978 lixarumque
1994 1882 2187 1967 omnium3
2220 1881 2290 1960 scd

473 2006 694 2078 »extribus
717 2005 952 2101 corporibus
969 2003 1203 2094 conflatum,
1228 2005 1472 2079 admirabilis
1490 2007 1671 2099 omnino,
1697 2007 1915 2105 etquidem
1936 2008 2215 2098 multiformis,
2240 2029 2287 2080 ac

471 2131 707 2204 »variabilis
739 2128 911 2225 figurae3
936 2127 1054 2201 modo
1090 2150 1259 2224 namque
1289 2152 1433 2226 corpus
1468 2131 1746 2208 intermedium
1780 2143 1838 2206 est
1864 2131 2100 2230 elliptioum,
2134 2133 2288 2206 duobus

470 2256 673 2355 nbrachiis
691 2258 801 2328 arcte
819 2255 869 2326 ab
892 2263 1064 2351 utroque
1094 2254 1218 2327 latere
1239 2254 1466 2344 suffultum,
1495 2281 1596 2352 quea
1620 2260 1786 2335 diversis
1806 2259 1868 2332 sui
1890 2281 2028 2332 cursus
2045 2259 2290 2356 temporibus

470 2380 692 2478 sperulatim
721 2381 960 2470 dilatantur,
992 2379 1162 2454 vicissim
1190 2380 1516 2476 conprimuntur3
1541 2383 1658 2456 modo
1686 2407 1831 2482 corpus
1863 2383 2140 2459 intermedium
2161 2382 2286 2455 eircu-

451 2505 584 2580 ‘olarc
615 2505 770 2579 duobus
803 2506 974 2603 stipatur
1001 2505 1194 2604 globulis,
1220 2513 1301 2578 tam
1327 2504 1506 2602 oblongis
1541 2506 1772 2580 acuminatis
1797 2510 2036 2605 majoribus,
2070 2530 2189 2604 quam
2222 2528 2287 2579 ro·

469 2631 633 2706 »tundis
647 2631 888 2719 minoribus3
914 2631 1174 2705 modoetiam
1204 2631 1348 2704 visitur
1375 2632 1548 2729 perfecte
1571 2630 1786 2722 rotundus,
1811 2632 2041 2729 nudusque:
2066 2630 2122 2703 sie
2139 2640 2186 2703 ut
2204 2629 2286 2703 alio

466 2768 673 2857 »tempore
704 2758 756 2831 sit
787 2756 1156 2852 alliptico-ansatus,
1180 2756 1260 2832 alio
1288 2756 1687 2855 sphaerico-ansatus,
1711 2755 1791 2831 elio
1816 2754 2284 2856 sphaerico-cuspidatus,

466 2883 576 2959 »alio
604 2884 846 2980 triglobosus
881 2904 950 2957 seu
979 2881 1282 2979 trisphaerieus,
1316 2882 1396 2956 alio
1427 2882 1545 2958 etiam
1574 2882 1771 2957 rotundus
1802 2883 2026 2973 solitarius,
2052 2880 2132 2954 sive
2150 2903 2284 2955 mono·

465 3006 733 3108 »sphaericus
788 3006 898 3106 Quae
927 3008 1215 3106 phaenomena,
1250 3017 1297 3081 ut
1326 3009 1571 3084 doctioribus
1608 3008 1779 3082 multum
1809 3011 1985 3107 profecto
2013 3007 2201 3081 hactenus
2227 3006 2284 3080 fa·

466 3132 694 3208 noessemmt
714 3132 885 3229 negotii,
908 3155 955 3208 ac
977 3133 1177 3208 molestiae
1201 3144 1408 3223 crearunt,
1432 3136 1490 3208 ita
1520 3155 1653 3208 omnes
1679 3134 1829 3232 ingenii
1851 3157 1991 3209 nervos
2007 3133 2284 3222 intenderunt,

464 3270 542 3334 »ut
565 3283 611 3333 ea
640 3258 796 3359 penitus
825 3259 1130 3355 investigarent,
1155 3281 1203 3332 ac
1234 3258 1474 3355 detegerent.
1520 3257 1570 3331 Id
1601 3260 1711 3355 quod
1740 3260 1881 3351 etiam,
1906 3258 2050 3333 Divino
2081 3247 2277 3332 annuente
2326 3316 2330 3325 .

462 3384 682 3476 thumim,
707 3407 830 3481 aeque
853 3408 900 3458 ac
921 3385 964 3457 in
983 3382 1183 3457 nonnullis
1204 3383 1294 3457 aliis
1318 3386 1438 3458 rebus
1469 3385 1742 3464 astronomicis
1766 3385 1969 3480 hucusque
1990 3381 2200 3477 incognitis
2227 3383 2284 3457 fe·

461 3512 622 3587 »liciter
644 3510 850 3597 successit3
875 3518 923 3582 ut
943 3506 1035 3581 inde
1054 3506 1163 3583 haud
1182 3510 1283 3586 male
1301 3510 1489 3608 colligere
1509 3508 1645 3603 liceat,
1669 3520 1822 3609 tempus
1849 3508 1978 3600 istud,
2003 3507 2157 3581 ratione
2178 3498 2280 3580 scili·

460 3648 555 3714 teet
578 3637 740 3711 Saturni
761 3635 1048 3734 propemodum
1068 3636 1238 3728 venisse,
1264 3635 1314 3709 de
1347 3659 1426 3732 quo
1450 3659 1623 3711 summus
1649 3635 1908 3734 Philosophus
1939 3635 2105 3726 Sannot,
2130 3630 2217 3712 Lib.
2242 3632 2278 3710 7.

459 3763 666 3839 »Natural
687 3761 847 3863 Quaest.
868 3761 1072 3858 loquitur:
1109 3761 1155 3837 V
1149 3764 1258 3837 utici
1283 3768 1443 3860 tempus
1466 3784 1545 3860 quo
1575 3763 1681 3855 istu,
1706 3785 1814 3862 quae
1842 3784 1954 3836 uuue
1982 3759 2131 3849 uetant,
2155 3759 2202 3831 iu
2221 3757 2280 3832 lu·

457 3913 573 3966 »cem
592 3888 679 3963 dies
700 3886 916 3977 extrahat,
943 3896 984 3962 et
1007 3888 1202 3988 longioris
1218 3888 1310 3963 acui
1326 3887 1552 3987 diligentia.
1567 3889 1591 3921 ’⁹

503 4014 581 4087 Illa
596 4012 833 4110 praedictio,
858 4023 904 4087 nt
922 4013 1162 4105 videbimus,
1186 4023 1322 4112 postea
1340 4036 1366 4087 a
1390 4022 1566 4088 nostrate
1580 4012 1765 4088 Hueuuo
1783 4011 1959 4111 perfecta
1979 4017 2050 4083 est.

502 4140 684 4213 llnvntro
715 4140 769 4214 ad
795 4163 952 4214 manum
981 4149 1069 4214 arat
1099 4139 1439 4214 extraordinariae
1469 4137 1730 4237 longitudinis
1762 4136 2034 4235 telescopium‚
2060 4144 2214 4210 centnm
2237 4140 2278 4205 et

456 4264 745 4363 quinquaginta
764 4267 930 4363 pedum,
955 4268 1069 4365 cujus
1096 4268 1138 4342 in
1165 4290 1303 4365 eampo
1331 4275 1442 4340 extra
1477 4262 1682 4338 Godanum
1710 4265 1851 4339 urbem
1876 4263 1996 4362 positi
2027 4282 2100 4358 ope
2137 4258 2272 4332 Satur·

454 4413 569 4478 num,
605 4388 801 4462 mensibus
841 4391 1087 4489 Septembri,
1124 4390 1290 4467 Octobri
1333 4401 1452 4491 atque
1485 4388 1695 4464 Novembri
1728 4390 1851 4480 1615,
1894 4387 1999 4462 ansis
2025 4384 2271 4485 praeditum

453 4537 581 4588 mense
614 4513 833 4612 Septembri
868 4519 967 4593 1617
997 4518 1112 4593 illum
1145 4518 1248 4592 vidit
1277 4518 1408 4593 forma
1435 4516 1785 4615 alliptiooansata,
1808 4522 1856 4587 ut
1883 4513 1926 4587 in
1948 4513 2043 4613 rig.
2063 4514 2139 4621 ¹163
2173 4512 2275 4586 sicut

451 4642 571 4716 etiam
593 4639 800 4716 Deccmbri
827 4642 947 4733 1618,
982 4647 1033 4720 23
1051 4642 1279 4721 Decembris
1301 4647 1417 4736 1619,
1450 4642 1615 4719 Octobri
1647 4642 1762 4729 1650,
1796 4637 1962 4714 Octobri
1985 4647 2024 4712 et
2058 4635 2268 4712 Novembri

455 4770 582 4855 16523
628 4789 761 4841 manse
794 4766 1005 4844 Novembri
1039 4772 1132 4849 1651
1165 4772 1248 4845 fere
1292 4770 1668 4868 sphaerico-ansata,
1704 4765 1767 4840 uti
1804 4766 1848 4840 in
1888 4766 1980 4866 rag.
2007 4764 2042 4842 7.
2104 4764 2154 4837 30
2174 4761 2273 4858 Maji

453 4895 551 4970 1655
563 4892 844 4992 trisphaerica,
868 4894 1019 4968 atinde
1039 4918 1065 4968 a
1078 4897 1128 4973 25
1150 4894 1362 4970 Februarii
1379 4918 1504 4995 usque
1522 4895 1574 4970 ad
1593 4896 1619 4970 2
1636 4890 1735 4990 Maji
1759 4891 1854 4969 1656
1876 4887 2208 4987 monosphaerioa.

498 5016 663 5093 Causam
690 5018 894 5093 uariarum
917 5021 1099 5119 phaaium
1123 5022 1317 5122 explicare
1343 5044 1384 5096 se
1411 5045 1523 5120 posse
1553 5019 1741 5120 opinatur
1768 5038 1813 5092 ex
1849 5016 1989 5118 opticis
2015 5012 2188 5110 legibus,
2213 5035 2271 5089 se·

446 5141 621 5221 cundum
642 5143 775 5221 varios
796 5144 894 5221 sitm
916 5145 1079 5223 Saturni
1102 5145 1145 5224 in
1175 5171 1298 5226 cursu
1326 5147 1569 5249 trigenario,
1593 5143 1704 5248 quod
1730 5144 1873 5221 attinet
1897 5140 1952 5217 ad
1981 5138 2101 5217 solem
2128 5147 2169 5215 et
2190 5148 2270 5214 ter·
