4978 6160
987 499 1273 574 -11..

216 727 323 795 ram,
348 722 473 799 eoque
487 697 649 774 consilio
680 697 813 799 ponit,
839 695 1052 769 Saturnum
1077 716 1187 769 suam
1218 696 1342 769 lucem
1370 717 1395 767 a
1417 694 1497 767 sole
1522 697 1720 795 accipere,
1744 709 1882 794 atque,
1906 711 1953 775 ut
1972 702 2031 800 ip-

212 829 295 903 sius
321 827 451 902 verbis
483 835 667 900 utamur:
700 824 943 899 »Saturnum
968 843 1108 896 revera
1136 844 1217 895 essc
1241 823 1555 920 tricorporem,
1580 833 1619 898 et
1649 825 1807 898 omnino
1841 827 1929 899 talis
1948 850 2031 924 spe·

214 956 340 1045 aciei,
366 951 476 1049 quali
501 961 559 1025 est
581 952 675 1050 rip.
694 953 741 1024 12
759 947 1038 1022 adumbratus:
1064 948 1234 1021 medium
1268 971 1407 1046 nempe
1430 972 1575 1046 eorpus
1595 973 1673 1024 nou
1691 973 1772 1023 esse
1788 951 2027 1038 rotundum3

215 1080 313 1155 used
342 1077 579 1175 ellipticum3
605 1077 685 1149 duo
715 1074 910 1147 lateroues
935 1073 1018 1170 ejus
1041 1096 1120 1147 non
1144 1095 1225 1149 esse
1256 1075 1439 1172 globosa,
1466 1098 1513 1151 ac
1537 1076 1754 1173 peculiaria
1784 1079 1933 1152 circum
1965 1079 2030 1150 Sa

214 1217 408 1280 »turnum
429 1203 612 1277 mobilia:
637 1201 705 1275 scd
738 1200 908 1274 firmiter
932 1201 1039 1273 circa
1079 1209 1212 1297 partes
1247 1201 1469 1298 superiores
1488 1213 1528 1275 et
1553 1202 1760 1277 inferiores
1776 1204 2031 1277 adhaerentia

215 1353 435 1429 »eorpora,
461 1330 588 1404 instar
614 1326 892 1417 brachiorum,
917 1325 1069 1422 figurae
1091 1328 1174 1400 fere
1200 1327 1495 1425 hyperbolicae,
1520 1350 1569 1400 ao
1592 1338 1721 1420 certo,
1744 1339 1785 1402 et
1802 1329 2028 1403 inmutabili

212 1456 476 1547 amterstitio,
513 1455 621 1529 circa
652 1454 845 1559 medium,
880 1475 905 1524 a
935 1452 1065 1525 medio
1090 1476 1258 1550 corpore
1288 1463 1463 1540 remot03
1487 1453 1650 1527 mobilia
1683 1463 1812 1529 tamen
1841 1479 1921 1532 uua
1937 1478 2029 1531 oum

210 1612 226 1657 r
242 1604 408 1680 corpore
422 1580 673 1670 intermedio,
695 1581 802 1654 clrea
816 1579 971 1652 unicam
991 1602 1099 1651 arem
1116 1582 1225 1653 certa
1243 1580 1420 1675 periodo.
1433 1581 1456 1612 ”

256 1709 314 1782 Er
341 1708 422 1781 suis
450 1709 700 1805 aliorumque
732 1714 1048 1780 astronomorum
1080 1705 1440 1796 observationibus,
1476 1706 1527 1779 ab
1560 1728 1663 1780 anno
1694 1709 1788 1782 1612
1816 1731 1941 1805 usque
1970 1710 2026 1785 ad

210 1839 306 1912 1656
325 1835 461 1925 laetis,
486 1833 654 1931 explicat
677 1833 856 1931 phasium
884 1831 1045 1905 Saturni
1078 1829 1404 1919 vicissitudinem,
1439 1837 1487 1901 ut
1512 1830 1554 1903 iu
1583 1831 1675 1930 th.
1696 1832 1747 1910 27
1768 1836 2028 1933 proponitur,

209 1963 400 2059 ponitque
434 1959 675 2050 Saturnum,
709 1968 987 2065 praeterquam
1025 1958 1067 2029 in
1097 1955 1247 2030 circulo
1276 1955 1495 2028 excentrico
1529 1957 1637 2030 eirca
1664 1958 1805 2051 solem,
1838 1960 1967 2036 adhue
1987 1964 2029 2038 iu

209 2080 382 2187 epicpclo
414 2086 578 2159 moveri.
626 2086 724 2161 Ecce
752 2086 837 2182 ejus
872 2082 1186 2181 explicationem:
1221 2079 1342 2153 »Esto
1368 2080 1494 2177 igitur
1523 2081 1565 2155 in
1594 2083 1806 2176 schemate,
1842 2087 1935 2185 reg.
1960 2090 2025 2178 27,

210 2215 275 2288 »Α
294 2213 352 2287 sol
371 2221 513 2287 cuncta
529 2210 665 2285 ridens
683 2211 823 2284 muudi
846 2210 969 2281 totius
993 2207 1150 2296 oculus,
1177 2205 1258 2278 sive
1280 2216 1461 2280 centrum
1483 2208 1608 2281 totius
1634 2209 1830 2299 universi3
1855 2212 2028 2286 circulus

213 2362 288 2413 uer
320 2340 395 2411 isto
424 2347 580 2427 centro,
606 2335 794 2410 nimirum
819 2356 866 2407 ex
890 2331 971 2405 sole
1004 2332 1146 2406 ductus
1173 2329 1327 2423 FFFF,
1353 2332 1462 2406 orbis
1486 2355 1672 2430 magnus,
1697 2335 1739 2408 iu
1759 2347 1973 2433 quo'terra
1995 2335 2028 2411 1¹⁸

70 2474 78 2480 '
210 2472 353 2539 »motu
369 2486 501 2536 annuo
520 2472 723 2552 moretur,
749 2459 783 2531 B
807 2466 998 2556 punctum
1025 2455 1326 2530 eccentricitatis
1347 2458 1527 2531 Saturni:
1552 2460 1595 2533 in
1612 2462 1688 2536 hoe
1706 2465 1922 2537 eooentrieo
1943 2486 2032 2539 ceu·

211 2588 401 2662 »trumG
432 2596 614 2661 movetur
636 2584 850 2689 secundum
879 2582 1019 2658 seriem
1047 2584 1248 2681 signorum
1277 2584 1442 2682 epicycli
1461 2587 1709 2681 aequatorei,
1735 2609 1803 2660 seu
1824 2590 2028 2686 aequantia

211 2713 421 2807 »Saturni‚
445 2713 595 2811 inipso
624 2734 718 2788 vero
745 2708 942 2809 epicyelo,
966 2708 1050 2811 ipse
1082 2708 1300 2795 Saturnus;
1326 2711 1548 2807 etquidem
1576 2710 1847 2805 haereticae,
1873 2714 2032 2811 quando

214 2849 425 2915 »centrum
459 2839 625 2938 epicycli
660 2836 888 2935 aequatorei
916 2835 946 2908 G
978 2833 1101 2909 fuerit
1136 2835 1180 2909 in
1205 2836 1445 2937 Sagittario,
1481 2835 1674 2910 nimirum
1704 2862 1900 2938 apogaeo,
1935 2850 2031 2916 tunc

211 2965 436 3040 »Saturnus
479 2964 653 3061 possidet
697 2963 741 3035 in
765 2970 958 3057 aequante
1000 2970 1191 3056 punctum
1229 2961 1263 3033 G
1299 2972 1434 3035 centro
1475 2964 1684 3039 ecceutricl
1714 2965 1749 3039 B
1786 2964 2029 3063 proximum

210 3088 513 3186 »quandovero
540 3095 719 3162 centrum
752 3084 901 3160 circelli
932 3085 1056 3159 fuerit
1090 3083 1133 3156 in
1165 3083 1428 3182 Capricorno,
1454 3095 1549 3160 tunc
1578 3088 1736 3186 planeta
1756 3100 1867 3165 tauto
1883 3090 2030 3189 spatio,

211 3216 351 3312 »juxta
373 3213 552 3287 ordinem
583 3213 809 3309 signorum,
834 3209 958 3285 distat
979 3212 1030 3282 ab
1051 3209 1107 3299 L,
1133 3208 1315 3283 inferiori
1345 3221 1460 3308 parte
1483 3214 1707 3310 aequantis,
1733 3227 1882 3312 quanto
1902 3216 2028 3314 spatio

211 3349 423 3417 »centrum
459 3339 489 3412 C
525 3337 688 3436 epieycli
717 3335 972 3439 Capricorni,
1009 3360 1034 3410 a
1059 3346 1195 3409 centro
1223 3335 1397 3435 epicyclo
1429 3339 1592 3436 apogaei
1628 3351 1877 3433 remoretur,
1899 3342 1955 3417 sic
1983 3350 2030 3415 ut

210 3465 410 3563 »angulus
428 3462 543 3554 Lon,
567 3461 713 3560 angulo
737 3460 840 3535 GBL
868 3485 1021 3559 semper
1050 3462 1102 3534 sit
1132 3462 1326 3557 aequalis:
1352 3464 1523 3555 honest,
1548 3473 1679 3540 motus
1706 3467 1869 3564 epicpcli
1888 3490 2030 3564 aequa·

209 3592 342 3668 »terei
372 3600 431 3663 cst
459 3589 819 3663 commensurabilis
849 3588 976 3661 motui
1014 3588 1193 3686 planetae
1226 3588 1269 3663 in
1303 3589 1388 3686 ipso
1423 3599 1626 3687 aequante.
1676 3591 1727 3664 lt
1750 3592 1909 3688 quaudo
1944 3616 2030 3669 een·

215 3728 357 3792 »trum
375 3716 540 3814 epicycli
560 3726 741 3788 versatur
767 3715 810 3786 in
836 3715 1040 3810 perigaeo,
1065 3737 1202 3812 nempe
1220 3715 1405 3811 geminis,
1430 3726 1527 3791 tuno
1554 3716 1747 3790 Saturnus
1771 3728 1829 3791 est
1856 3719 1899 3793 in
1921 3719 1981 3812 Η,
2005 3744 2031 3794 a

211 3853 377 3918 »centro
402 3842 747 3915 Bremotissimus.
794 3839 898 3914 Hinc
931 3839 1109 3915 diversae
1141 3841 1329 3915 oriuntur
1356 3842 1664 3938 inaequalitates
1713 3841 1848 3917 Prima
1879 3854 2031 3919 constat

211 3968 396 4067 »augulis
410 3964 528 4058 acl,
552 3978 592 4041 et
612 3965 729 4053 culn
755 3968 940 4059 secunda,
967 3990 1012 4039 ex
1028 3976 1139 4041 motu
1159 3990 1291 4040 annuo
1307 3969 1434 4041 trahit
1457 3978 1609 4058 ortum,
1633 3978 1752 4065 atque
1767 3969 1910 4067 angulo
1929 3966 2029 4043 Ful

212 4090 600 4190 »comprehenditur
649 4090 774 4197 Linea
792 4090 914 4163 medii
946 4101 1077 4164 motus
1108 4090 1200 4165 solis
1221 4100 1280 4162 est
1310 4084 1403 4183 AF,
1428 4092 1608 4189 planetae
1639 4113 1733 4164 vero
1756 4091 1842 4180 BG,
1868 4114 1914 4165 ac
1944 4094 2029 4168 veri

213 4220 321 4294 »loci
340 4219 414 4294 Fu
463 4215 670 4315 Oppositio
686 4214 866 4313 planetae
889 4198 1144 4327 existentis'in
1163 4238 1336 4315 apopaeo
1360 4215 1415 4307 G,
1440 4216 1604 4310 accidit,
1630 4217 1790 4316 quando
1809 4224 1919 4289 terra
1944 4239 2029 4292 rer·

213 4354 356 4419 »satur
376 4343 419 4417 in
443 4341 485 4429 I;
510 4339 681 4417 uicissim
707 4339 951 4441 conjunctio,
977 4340 1136 4437 quando
1156 4352 1266 4416 terra
1294 4342 1472 4417 consistit
1488 4328 1531 4416 iu
1549 4340 1600 4419 Κ.
1647 4342 1787 4440 Itaque
1820 4346 1929 4413 terra
1949 4364 2030 4414 am-

211 4466 383 4544 »bulans
405 4466 456 4540 ab
478 4462 520 4556 I,
545 4463 590 4538 Μ
610 4484 767 4552 versus,
791 4464 920 4561 posito
943 4463 1115 4540 Saturno
1136 4468 1179 4541 in
1198 4467 1398 4565 apogaeo,
1422 4470 1593 4543 ostendit
1615 4469 1810 4567 planetam
1829 4474 2029 4563 retrogra-

213 4591 361 4678 »dum,
385 4589 428 4662 iu
458 4584 609 4663 Mrero
637 4587 932 4682 stationarium,
958 4590 1020 4663 rel
1042 4591 1175 4688 potius
1204 4593 1387 4679 tardum3
1412 4592 1505 4665 item
1526 4595 1577 4666 ab
1598 4591 1708 4667 Mun
1738 4613 1874 4665 versus
1904 4590 2029 4665 ‹lirec-

213 4726 330 4791 »tum
354 4714 397 4787 in
424 4712 457 4787 N
478 4737 573 4788 vero
594 4712 764 4787 vicissim
791 4716 1090 4808 stationarium,
1116 4727 1155 4791 et
1169 4719 1220 4792 ub
1239 4715 1294 4791 ul
1318 4740 1453 4791 versus
1468 4716 1607 4792 itidem
1625 4718 1840 4810 directum,
1864 4717 1962 4789 adeo
1981 4727 2027 4791 ut

184 4840 438 4927 aSaturnus
458 4839 563 4931 circa
587 4839 626 4913 K
644 4859 795 4939 semper
812 4836 1003 4935 velocior,
1025 4865 1145 4941 quam
1163 4841 1206 4919 iu
1228 4842 1273 4919 M
1294 4853 1334 4917 et
1353 4845 1386 4920 N
1402 4843 1634 4945 appareat.’'

204 5032 210 5041 .
257 4966 364 5064 Quas
381 4964 510 5040 varias
541 4965 696 5062 phasea,
722 4978 834 5041 natas
856 4968 1019 5075 eremis
1048 4971 1189 5044 sitibus
1213 4970 1393 5065 Saturni,
1417 4972 1468 5049 ab
1489 4972 1669 5048 Hrvrtro
1692 4966 1932 5063 nominatas,
1956 4994 2028 5048 nos

204 5092 415 5187 ,brevitatis
429 5114 545 5168 causa
566 5091 609 5166 in
626 5095 803 5190 sequenti
820 5094 957 5170 tabula
975 5117 1250 5197 proponemus.

1659 5220 1709 5280 2*
