5032 6170
1226 562 1308 591 ¹·-
1355 533 1430 611 118
1476 544 1550 594 -ὲ-

459 738 590 804 tamen
628 727 764 804 annuli
805 727 1013 828 vestigium
1047 727 1202 804 detecto
1242 730 1309 829 tl).
1367 729 1454 805 liae
1484 740 1617 805 autem
1647 727 1921 806 observatione
1952 728 2015 803 uti
2050 748 2131 807 ncn
2160 752 2295 832 possu-

457 881 570 945 mus,
607 858 795 953 quoniam
828 857 1046 933 seeundum
1082 878 1235 932 omnem
1280 854 1663 933 verisimilitudinem
1697 857 1868 933 annulus
1899 858 1987 957 jam
2014 855 2136 956 tprius
2168 860 2296 962 dispa-

456 995 608 1058 ruerat.

1156 1142 1312 1223 Prima
1336 1144 1607 1247 mapparum

507 1340 677 1440 Quando
700 1367 772 1443 per
802 1341 941 1417 annuli
967 1340 1128 1443 planum
1152 1342 1212 1417 sel
1242 1346 1486 1422 transiturus
1511 1351 1623 1433 erat,
1647 1350 1814 1441 propter
1838 1341 1943 1415 airis
1975 1340 2242 1441 intemperiem
2265 1370 2291 1421 a

455 1469 700 1564 paucissimis
732 1466 970 1540 astronomis
995 1476 1116 1564 atquc
1133 1467 1295 1568 insuper
1318 1469 1457 1544 vitiose
1487 1471 1738 1545 observatum
1760 1475 1829 1539 est.
1880 1465 2031 1541 Bessan
2051 1466 2294 1566 Regiamme·

456 1598 575 1685 tani,
598 1596 648 1670 28
663 1595 895 1668 Novembris
917 1577 982 1665 die
1000 1595 1094 1667 anni
1121 1596 1220 1669 1832
1240 1595 1379 1669 annuli
1397 1606 1595 1695 expertem
1613 1595 1772 1671 videbat
1802 1592 2038 1683 Saturnum,
2064 1614 2191 1692 neque
2214 1596 2290 1692 ipsi

456 1720 622 1812 licebat,
658 1719 830 1818 quadam
862 1727 1022 1817 excepte
1055 1728 1202 1817 quarte
1224 1721 1348 1797 borae
1375 1732 1519 1823 parte,
1543 1722 1608 1796 die
1633 1722 1658 1801 7
1680 1720 1932 1808 Decembris,
1968 1718 2184 1795 Sallu'num
2201 1732 2290 1797 autc

457 1850 505 1923 12
541 1847 766 1921 Decembris
797 1845 899 1919 diem
929 1847 1166 1944 conspicere.
1216 1846 1291 1922 Die
1320 1853 1345 1928 7
1369 1848 1525 1925 nullum
1552 1849 1684 1925 adhue
1712 1847 1851 1923 annuli
1874 1843 2083 1943 vestigium
2108 1847 2289 1946 detegere

456 1983 633 2071 poterat,
662 1973 730 2047 sed
744 1975 846 2047 sicut
866 1973 948 2070 ipse
968 1980 1163 2063 testetur,
1188 1983 1270 2048 tam
1287 1976 1511 2051 inconstans
1526 1984 1614 2049 erat
1636 1980 1708 2050 air
1718 1984 1758 2048 et
1778 1972 2001 2050 diluculum
2019 1984 2101 2047 tam
2117 1974 2289 2069 clarum,

456 2112 504 2175 ut
525 2102 731 2199 vestigium
754 2100 919 2196 quidem
937 2099 1075 2173 annuli
1104 2101 1282 2198 potuerit
1299 2102 1443 2195 fuisse,
1467 2102 1576 2202 qued
1604 2125 1699 2175 vero
1726 2125 1752 2174 a
1780 2121 1823 2172 se
1856 2123 1934 2174 nou
1954 2100 2207 2175 observatum
2225 2104 2288 2177 sit.

451 2226 527 2304 Die
561 2231 609 2303 12
632 2227 802 2301 annulus
824 2226 1041 2324 apparebat
1065 2227 1116 2299 ab
1135 2228 1327 2301 ambabus
1349 2230 1533 2327 partibus
1553 2227 1733 2327 planetae
1749 2248 1875 2323 aeque
1893 2226 2052 2301 lucidus
2071 2227 2137 2324 (2).

450 2380 454 2387 ’
500 2354 721 2429 Secundum
745 2352 933 2427 Scnwnrm
964 2352 1190 2428 Demaae'ae
1217 2363 1306 2427 erat
1327 2355 1459 2451 primo
1482 2354 1709 2431 Decembris
1733 2351 1821 2442 die,
1847 2376 1973 2450 quum
1998 2353 2213 2428 Sabaruum
2235 2357 2289 2430 ab

449 2481 553 2555 bora
572 2481 665 2554 inde
690 2479 886 2553 matutina
906 2481 950 2568 l}
974 2480 1170 2575 usquead
1189 2483 1232 2565 71
1258 2482 1560 2572 observavisset,
1585 2483 1684 2557 tube
1707 2477 2097 2569 Freuenbcferiane,
2120 2480 2288 2579 ampliti-

449 2606 673 2683 catiombus
691 2610 785 2696 210,
809 2608 885 2681 288
904 2616 944 2678 et
966 2607 1068 2697 321,
1093 2606 1199 2683 airis
1214 2608 1403 2706 temperie
1426 2608 1522 2681 satis
1545 2607 1769 2697 commoda,
1795 2605 1942 2681 annulo
1966 2602 2097 2681 adbuc
2113 2606 2291 2684 invisibi-

447 2736 500 2821 li,
524 2744 697 2809 attamen
728 2733 771 2806 in
795 2732 1015 2806 directione
1028 2756 1146 2808 ansae
1174 2730 1381 2808 orientalis
1403 2744 1596 2832 punctum
1618 2733 1765 2808 subtile
1785 2732 1885 2808 lucis
1906 2742 2017 2808 certo
2044 2735 2214 2830 putabat
2242 2758 2286 2810 se

448 2866 641 2963 detegere.
691 2858 995 2936 Observationes
1018 2861 1104 2957 ejus
1123 2882 1250 2957 usque
1280 2861 1334 2936 ad
1357 2861 1464 2935 diem
1499 2864 1546 2938 12
1566 2862 1981 2960 interrumpebanuu,
2017 2882 2140 2957 quum
2158 2882 2283 2934 annu-

446 2994 532 3069 lum
551 2988 759 3089 perspicue
781 2985 957 3076 videret,
980 3009 1097 3083 quem
1126 2986 1246 3063 etiam
1272 2986 1370 3061 tubo
1401 2984 1765 3063 llrauenbeferiane
1793 2986 1836 3077 3}
1868 2981 2013 3080 pedum
2047 2990 2088 3057 et
2116 2983 2285 3082 amplifi·

442 3117 669 3199 mationibus
690 3116 761 3188 126
784 3121 823 3185 et
844 3112 917 3189 108
939 3135 1149 3211 agnoscere
1168 3123 1326 3214 poterat
1341 3114 1408 3213 (3).

494 3247 683 3321 Videmus
700 3262 796 3336 erge
815 3239 1007 3313 annulum
1027 3262 1170 3314 rursus
1201 3242 1432 3340 apparuisse
1459 3238 1568 3315 inter
1594 3239 1770 3339 primum
1787 3244 1828 3310 et
1862 3237 1908 3314 12
1925 3232 2032 3311 dlem
2054 3232 2280 3309 Decembris

445 3376 569 3464 1832,
596 3389 775 3448 caremus
797 3373 929 3437 autem
956 3363 1022 3440 bic
1043 3364 1112 3439 die
1127 3375 1257 3454 eert03
1276 3389 1373 3467 ergo
1393 3386 1520 3466 neque
1536 3365 1598 3442 bis
1612 3360 1954 3441 observationibus
1980 3359 2044 3437 uti
2061 3378 2278 3458 possumus.

1138 3585 1332 3665 Secunda
1356 3589 1585 3690 disputatio.

491 3791 625 3892 Quum
652 3801 766 3868 terra
784 3810 858 3891 per
879 3784 1017 3864 annuli
1035 3782 1221 3888 planum,
1245 3785 1563 3889 amptemtriene
1578 3783 1631 3859 ad
1650 3782 1857 3860 meridiem
1878 3779 2090 3873 transiret,
2114 3800 2277 3878 sequen-

442 3924 501 3993 tes
521 3920 737 4018 praebebat
762 3916 1071 3993 observationes:

487 4046 590 4123 Vina
614 4048 811 4121 Nemeaei
834 4042 992 4143 (Nimes)
1010 4040 1076 4115 die
1100 4040 1148 4116 10
1164 4036 1315 4137 Aprilis
1332 4039 1430 4115 1833
1451 4037 1664 4137 diligenter
1681 4034 1896 4110 Saturnum
1914 4033 2126 4108 observare
2142 4032 2274 4129 euertit

440 4172 796 4250 Dellondlanitubi
818 4193 893 4272 ope
915 4171 960 4257 3}
980 4164 1168 4265 pollicum
1184 4175 1397 4263 aperturae
1416 4173 1457 4240 et
1474 4161 1847 4267 amplificationibus
1865 4160 1916 4236 8)
1934 4168 1974 4233 et
1998 4161 2083 4238 150.
2130 4157 2203 4233 Die
2220 4160 2273 4234 23

436 4302 587 4402 optimc
605 4298 795 4374 annuum
816 4300 1062 4394 distinguere
1090 4302 1273 4389 peteret,
1305 4293 1356 4370 80
1385 4291 1715 4394 amplificatione,
1745 4311 1825 4363 non
1849 4294 1982 4363 autem
2005 4289 2078 4363 150
2103 4282 2273 4383 amplifi-

437 4435 606 4512 catione.
652 4424 735 4501 Aer
754 4432 842 4497 erat
861 4425 927 4497 die
942 4420 994 4499 24
1014 4418 1188 4494 nubibus
1204 4419 1412 4498 obductus.
1460 4420 1535 4496 Die
1554 4422 1605 4499 25
1624 4426 1763 4495 ventum
1779 4413 1982 4491 vehemens
2002 4409 2270 4511 impediebat,

435 4559 649 4664 quominus
672 4561 822 4628 certam
845 4548 984 4625 enuuli
1006 4545 1270 4650 praesentiam
1288 4556 1541 4650 egilusoelet,
1565 4546 1657 4627 lieet
1675 4545 1818 4623 leviter
1839 4541 1951 4618 illum
1971 4539 2242 4643 suspicaretur
2256 4589 2276 4630 r

443 4828 695 4862 μ

481 5002 531 5089 (l)
555 4999 655 5068 Aur.
674 4993 808 5063 naar.
838 4987 897 5061 ΝΟ.
918 4990 995 5056 au.
1029 5013 1103 5082 pag.
1123 4989 1198 5056 149.

481 5112 532 5199 (2)
556 5107 657 5176 Acir.
676 5104 811 5172 Nachr.
840 5100 899 5171 ΝΟ.
919 5100 998 5168 230.
1030 5123 1104 5193 pag.
1126 5101 1190 5163 323
1208 5108 1243 5165 et
1262 5096 1341 5172 dil.

477 5218 528 5312 (3)
553 5217 655 5289 Astr.
675 5213 809 5284 Nachr.
836 5209 895 5281 ΝΟ.
918 5212 996 5282 238.
1024 5234 1098 5303 pag.
1119 5211 1198 5282 383.
