4978 6160
1002 532 1267 631 ms.-

214 740 303 841 ejus
331 735 440 839 plani
471 733 524 811 sd
554 734 655 813 illud
686 729 887 831 ooliptioao
924 730 1056 809 sdhuo
1086 754 1231 830 porum
1259 732 1421 811 definita
1451 745 1578 812 orant.
1637 734 1699 813 sd
1723 735 1795 811 illa
1824 737 2030 833 elemento,

215 887 338 964 quam
357 863 567 961 diligenter
583 861 672 938 fiori
691 867 842 960 posset,
866 855 1149 956 computanda,
1182 882 1315 936 omnes
1337 863 1647 953 observationes,
1673 884 1847 958 quarum
1875 886 2032 963 compos

216 990 305 1066 fieri
338 998 539 1087 poteram,
576 987 790 1086 siquibus
825 976 1115 1081 quodaminodo
1144 982 1267 1059 fidere
1294 1000 1521 1085 possumus,
1557 986 1601 1059 in
1624 1008 1749 1058 unum
1783 986 1948 1085 oolloffl,
1984 1014 2031 1066 eo

214 1115 402 1206 consilio,
435 1121 483 1186 ut
501 1133 548 1185 ox
576 1110 626 1186 iis
649 1119 854 1187 aoouratos
892 1118 1053 1184 eventus
1078 1110 1337 1186 nanoisooror.
1395 1110 1517 1210 Spero
1541 1110 1627 1185 foro
1655 1117 1701 1183 ιιι
1730 1109 1825 1186 haec
1855 1136 2032 1189 suooossu

214 1263 287 1316 sua
309 1262 389 1315 non
419 1245 597 1326 careant,
631 1256 758 1335 noque
786 1258 859 1335 ego
890 1257 1219 1335 supervacaneum
1241 1236 1418 1312 laborem
1449 1235 1658 1335 susoopisso
1690 1236 1896 1314 existimor.
1945 1238 2031 1313 Non

217 1364 397 1439 inutilem
414 1371 569 1454 autom,
593 1370 640 1438 ut
663 1363 762 1439 mihi
788 1361 967 1451 videtur,
992 1360 1266 1436 astronomicis
1295 1357 1466 1434 scientiis
1486 1359 1662 1438 laborem
1682 1385 1888 1461 nggmssus
1921 1384 2031 1449 sum;

213 1497 372 1577 contra,
395 1507 497 1582 quas
518 1487 561 1561 in
589 1487 840 1585 humusque
869 1486 1046 1561 diemde
1082 1486 1152 1564 illo
1186 1487 1362 1563 mirabili
1385 1487 1542 1565 ooslosti
1563 1511 1730 1589 corpore
1751 1490 2027 1577 innotuerant,

212 1613 348 1687 omnio
362 1614 405 1685 in
442 1632 566 1685 unum
599 1610 740 1709 collegi
774 1622 814 1685 ot
845 1634 946 1709 quas
983 1610 1076 1685 indo
1103 1623 1212 1689 nerto
1231 1611 1569 1709 consequebantur
1588 1614 1631 1686 in
1660 1611 1833 1686 modium
1855 1609 2027 1710 protuli3

214 1737 273 1812 ita
298 1745 345 1809 ut
372 1735 467 1808 hano
487 1738 761 1814 commentatio
795 1746 985 1834 utquam
1005 1739 1171 1814 maximo
1193 1739 1282 1816 fieri
1309 1746 1466 1836 poterat
1491 1738 1684 1836 completa
1711 1734 1850 1812 annuli
1867 1733 2031 1811 Saturni

213 1861 498 1961 monographio
521 1864 646 1963 possit
671 1862 925 1940 considerari.
