5032 6170
1202 504 1522 591 ...168ae-

466 702 657 806 scriptas,
686 703 929 809 accipiebat,
964 723 1136 805 quocum
1171 702 1320 784 directe
1347 704 1583 783 δοιιιιιιιιιι
1620 725 1711 781 suas
1748 697 1981 781 detectiones
2016 703 2275 783 communica·

468 842 582 907 verat
604 829 671 930 (1).

517 954 731 1055 Postquam
753 956 902 1057 primas
922 963 1126 1054 acceperat
1141 950 1299 1048 literas,
1325 952 1522 1033 &ramnus
1550 951 1746 1053 planetam
1768 952 2017 1045 observabat,
2042 952 2275 1053 ridebatque

463 1084 549 1179 jam
581 1083 679 1175 cito,
714 1083 883 1182 spatium
913 1078 1189 1154 intermedium
1220 1081 1326 1156 inter
1356 1080 1553 1179 planetam
1585 1090 1625 1154 et
1656 1077 1842 1155 annulum
1863 1102 1889 1151 a
1920 1080 2044 1154 latere
2071 1079 2208 1154 dextro
2231 1081 2273 1155 in

465 1210 586 1300 tubo,
611 1208 832 1283 habendum
864 1229 945 1280 esse
974 1205 1100 1304 majus
1131 1206 1302 1284 sinistro.
1353 1207 1533 1281 Habebat
1566 1215 1697 1280 autem
1725 1206 1800 1279 boo
1824 1203 2113 1302 phaenomeuon
2144 1205 2276 1303 primo

467 1330 596 1413 lusum
618 1334 814 1430 optinum,
838 1330 934 1426 quia
964 1330 1015 1402 ab
1045 1340 1216 1428 utroque
1247 1333 1371 1406 latere
1400 1328 1620 1405 occasiones
1642 1350 1721 1401 uon
1749 1327 1904 1401 eaedem
1930 1338 2066 1417 crant,
2087 1352 2274 1427 posseque

466 1454 560 1529 huic
579 1455 637 1529 rei
659 1454 837 1551 planctae
852 1454 894 1527 in
913 1461 1027 1550 parte
1053 1453 1191 1526 deutra
1216 1454 1353 1530 annuli
1375 1454 1556 1526 umbram
1582 1451 1773 1548 originem
1798 1449 1906 1526 dare.
1957 1449 2014 1526 Ut
2042 1472 2136 1549 ergo
2168 1452 2271 1525 iilud

469 1577 634 1651 raterius
669 1577 908 1675 inquireret,
932 1576 1029 1648 tales
1056 1578 1224 1675 eligebat
1245 1601 1447 1678 vesperas,
1483 1578 1628 1676 quibus
1661 1576 1770 1650 brevi
1804 1587 1893 1673 post
1924 1576 2042 1651 solem
2072 1599 2272 1667 occasum,

466 1702 760 1799 atmosphaerae
780 1700 954 1777 conditio
976 1700 1089 1774 valde
1113 1713 1214 1777 essct
1233 1702 1394 1793 idonea,
1418 1701 1657 1797 haberetque
1685 1700 1861 1775 iliacum
1884 1701 1957 1777 180
1983 1712 2024 1775 et
2044 1702 2118 1780 000
2139 1702 2276 1800 ampli-

466 1828 749 1905 ficationibus
735 1827 945 1924 imaginem
965 1827 1230 1903 clarissimam.

515 1956 614 2028 Sunt
644 1953 900 2027 dimensiones
931 1953 1133 2026 institutae
1164 1974 1237 2050 ope
1260 1952 1501 2028 micrometri
1533 1973 1623 2028 cum
1656 1951 1732 2027 filis
1760 1952 2009 2051 simplicibus
2065 1951 2274 2053 Quumque

465 2081 634 2157 annulus
660 2101 685 2151 a
708 2087 822 2176 parte
843 2076 999 2150 iuterna
1025 2080 1136 2175 peJ‘us
1168 2081 1400 2153 terminatus
1420 2087 1538 2169 esset,
1563 2100 1682 2174 quam
1709 2100 1735 2151 a
1763 2089 1877 2176 purte
1900 2088 2081 2169 externa,
2106 2084 2274 2156 annulus

468 2208 664 2281 dimensus
682 2211 740 2275 est
766 2203 808 2275 in
836 2200 1092 2276 directionem
1123 2204 1206 2278 axis
1236 2203 1399 2300 majoris
1417 2213 1457 2276 et
1489 2203 1699 2278 distantiae
1727 2226 1819 2277 suae
1845 2204 1896 2276 ab
1917 2203 2058 2276 ultima
2079 2204 2204 2281 ltmite
2224 2208 2276 2283 ad

467 2333 576 2430 globi
594 2328 755 2404 Saturni
780 2327 1015 2423 marginem
1040 2350 1119 2424 quo
1150 2336 1353 2424 praeterea
1379 2339 1557 2404 constans
1580 2340 1708 2428 posset
1731 2331 1833 2405 oriri
1860 2352 1996 2420 error,
2019 2330 2124 2404 unde
2144 2332 2253 2406 fieret
2265 2402 2278 2443 ‚

469 2470 515 2533 ut
537 2454 719 2531 adbiberi
738 2452 898 2524 deberet
917 2454 1166 2527 micrometcr
1187 2475 1276 2527 cum
1301 2453 1378 2526 filis
1398 2454 1661 2553 simplicibus,
1684 2457 1869 2552 quoniam
1892 2456 2079 2530 distantia
2102 2458 2273 2535 duarum

467 2593 774 2660 curvaturarum
802 2576 1057 2652 determinari
1088 2579 1267 2668 deberet,
1292 2601 1394 2674 quae
1424 2580 1477 2652 ad
1499 2580 1603 2655 idem
1625 2581 1729 2654 latus
1756 2603 1945 2654 convexae
1972 2592 2073 2655 sunt.
2127 2581 2165 2657 Si
2184 2585 2273 2659 fieri

470 2717 623 2809 posset,
646 2714 695 2778 ut
717 2701 848 2776 adbuc
864 2713 1044 2778 constans
1079 2714 1249 2779 exstaret
1276 2724 1394 2778 error
1417 2705 1622 2780 minimum
1653 2706 1697 2781 in
1727 2704 1824 2781 locis
1856 2707 2093 2798 observatis,
2114 2723 2280 2807 propter

471 2833 602 2909 varios
628 2836 866 2903 curvaturas
885 2826 1019 2901 radios
1037 2825 1215 2925 planetae
1230 2837 1270 2901 et
1290 2828 1429 2903 annuli
1460 2831 1658 2930 empnam,
1683 2850 1834 2903 necesse
1857 2841 1915 2905 est
1944 2830 2075 2905 utilia
2096 2853 2210 2907 error
2233 2835 2279 2911 in

472 2970 644 3054 utraque
668 2961 783 3051 parte
801 2953 978 3050 planctae
997 2953 1158 3049 aequale
1177 2954 1251 3043 sit,
1276 2964 1316 3027 et
1338 2954 1615 3032 distantiartun
1631 2951 1854 3053 differentia
1871 2956 1936 3033 hic
1951 2966 2073 3033 vacet.

520 3084 619 3161 ane
635 3078 924 3159 observationes
952 3080 1149 3179 quomodo
1167 3102 1193 3153 a
1219 3078 1541 3159 mansuefactae
1562 3081 1653 3156 sint.

1059 3275 1110 3351 ad
1124 3276 1326 3351 sinistrum
1339 3275 1380 3353 in
1392 3278 1490 3356 tubo
1522 3275 1574 3352 ad
1585 3276 1766 3353 dextrum
1779 3276 1820 3355 in
1831 3280 1928 3356 tubo

1136 3376 1217 3448 sive
1236 3376 1288 3449 ad
1306 3376 1409 3451 latus
1596 3377 1676 3450 siro
1694 3378 1745 3450 ad
1765 3379 1868 3454 latua

1131 3473 1417 3552 occidentalem.
1608 3475 1845 3551 orientalem.

519 3380 628 3458 1323·
702 3325 1027 3403 Observationum

769 3446 968 3499 numerus

475 3628 685 3648 ῳ

476 3702 595 3780 Mart.
617 3703 666 3777 29
872 3697 889 3768 1
1665 3707 1797 3796 12”,25

476 3826 603 3928 April.
645 3824 668 3902 7
869 3825 893 3899 2
1276 3879 1287 3916 ‚
1664 3831 1709 3905 ll
1734 3833 1796 3917 ,90

619 3990 671 4013 ι-
873 3945 898 4022 3
1276 3949 1314 4039 ,”’
1665 3955 1709 4028 ll
1736 3956 1795 4040 ,91

646 4076 670 4148 9
875 4070 900 4144 4
1665 4079 1710 4151 ll
1735 4078 1797 4164 ‚85

625 4198 672 4271 10
874 4193 899 4268 2
1665 4200 1711 4275 12
1732 4199 1795 4286 ‚08

624 4320 671 4393 21
875 4318 901 4392 3
1276 4250 1287 4412 Ξ
1664 4325 1708 4398 ll
1733 4325 1794 4413 ,09

533 4542 627 4617 Illas
647 4539 838 4613 dimensas
862 4537 1066 4614 distantias
1085 4537 1314 4614 reducentes
1334 4539 1386 4616 ad
1403 4541 1571 4617 mediam
1593 4538 1771 4641 planetae
1795 4539 2024 4620 distantiam
2055 4570 2098 4616 ·.-.·
2112 4545 2287 4636 satan,
2343 4634 2349 4650 „

485 4691 560 4767 ope
577 4661 805 4763 legarithmi
821 4661 1098 4737 distantiarum
1119 4661 1454 4760 geocentricarum
1481 4688 1527 4739 ex
1554 4664 1800 4762 planetarum
1825 4667 2146 4765 Ephemeridibus
2168 4668 2289 4744 Scan·

487 4811 681 4880 nicanor,
707 4809 782 4886 pro
804 4784 905 4861 hora
924 4790 972 4877 6,
995 4795 1171 4888 tempora
1193 4787 1430 4874 Greaooici,
1454 4798 1573 4887 atque
1593 4787 1798 4864 distantiam
1816 4803 1931 4890 parte
1956 4792 2093 4871 ‹iertm
2112 4795 2290 4871 observa.

488 5011 681 5031 κ

535 5139 584 5228 (1)
608 5140 707 5211 datr.
730 5138 862 5213 Nachr.
875 5189 885 5221 ,
915 5139 1004 5209 Band
1021 5138 1078 5214 Vl.
1102 5139 1162 5215 ΝΟ.
1185 5146 1261 5218 139.
