4978 6160
1247 467 1534 552 ...ns-.-

480 660 762 749 elevntionum
799 683 893 759 ergo
923 661 975 734 nb
1004 683 1052 735 co
1079 658 1171 735 indo
1197 674 1413 754 momento,
1450 685 1529 761 quo
1555 669 1666 741 terra
1694 660 1897 737 transierit
1921 662 1974 737 ad
2002 673 2153 760 partem
2177 662 2290 760 plani

479 785 614 860 annuli
632 785 871 883 oppositam,
895 785 964 859 ubi
986 785 1044 858 sol
1059 785 1187 879 adest,
1212 786 1407 883 usquead
1429 785 1687 882 hoctempus,
1717 806 1797 881 quo
1817 785 1901 883 ipse
1919 784 1977 862 sol
1999 808 2046 861 eo
2074 786 2237 861 venerit.

527 913 584 987 3⁰.
634 907 801 1008 Quando
823 909 982 1009 planum
1007 910 1143 985 annuli
1161 908 1438 1008 prolongatum
1459 915 1639 984 centrum
1662 914 1794 981 terrae
1825 909 1990 998 transit,
2014 919 2287 989 tractantem

476 1037 612 1112 annuli
640 1058 775 1132 margo
799 1034 925 1108 tenuis
957 1032 1009 1106 ad
1041 1056 1112 1107 nos
1138 1054 1348 1112 conversus
1367 1043 1446 1125 est,
1471 1029 1596 1109 atille
1631 1027 1745 1105 nobis
1764 1032 1884 1108 nimis
1910 1057 2056 1132 parum
2089 1030 2189 1106 lucis
2220 1054 2283 1106 re·

475 1161 618 1252 flectit,
644 1182 761 1258 quam
784 1168 832 1237 ut
851 1157 979 1231 videri
997 1157 1144 1255 possit,
1164 1168 1235 1235 aut
1251 1158 1485 1235 deberemus
1500 1156 1647 1231 iterum
1664 1152 1728 1225 uti
1749 1156 1855 1230 tubis
1877 1158 1991 1235 valde
2013 1155 2244 1235 valentibus.

523 1283 587 1359 Ita
605 1290 650 1355 ut
663 1283 829 1361 annulus
847 1281 971 1356 solum
993 1281 1142 1356 decimo
1163 1285 1302 1380 quinto
1322 1305 1482 1381 quoque
1498 1299 1603 1354 enno
1617 1274 1827 1353 invisibilis
1844 1280 1933 1356 lieri
1948 1283 2089 1383 possit,
2114 1288 2284 1379 propter

473 1408 559 1507 ejus
590 1406 707 1482 situm
743 1405 834 1480 solis
869 1403 1022 1479 ratione
1054 1404 1212 1493 habita3
1246 1406 1393 1504 illaque
1417 1405 1614 1504 apparitio
1643 1413 1700 1477 est
1734 1404 1956 1501 regularis,
1993 1405 2088 1502 quia
2118 1403 2280 1477 Saturni

475 1540 627 1647 motus,
652 1529 758 1631 quod
774 1528 827 1602 ad
845 1528 964 1603 solem
986 1526 1147 1620 attinet,
1173 1552 1323 1629 semper
1342 1531 1518 1607 directus
1538 1542 1607 1608 est.
1658 1530 1937 1606 Potesttamen
1953 1553 2040 1604 uno
2063 1529 2284 1625 eodemque

470 1678 573 1733 anno
596 1651 804 1731 invisibilis
825 1651 951 1727 videri
971 1677 1191 1751 rursusque
1209 1676 1417 1799 apparere,
1443 1668 1612 1756 propter
1621 1659 1740 1732 situm
1764 1654 1871 1754 quod
1901 1654 1951 1727 ad
1978 1663 2156 1728 nostrum
2185 1678 2276 1729 oeu-

468 1748 574 1868 lum,
611 1775 706 1872 quia
738 1777 928 1857 Saturnus
959 1777 1157 1853 nonnullis
1186 1777 1317 1869 annis,
1353 1788 1519 1875 propter
1550 1782 1636 1879 ejus
1670 1790 1820 1853 motum
1850 1779 2046 1852 directum
2077 1788 2116 1850 et
2146 1787 2276 1852 retro-

468 1888 659 2019 gradum,
684 1901 788 1976 oculi
817 1901 942 1977 nostri
962 1911 1159 1998 respectu,
1194 1903 1303 1981 eret
1327 1906 1375 1978 lo
1396 1902 1584 1976 mensium
1605 1905 1755 1999 spatio,
1780 1901 1870 1999 plus
1899 1903 2015 1980 semel
2047 1926 2139 1979 esse
2132 1912 2275 2002 potest

467 2028 509 2130 in
531 2026 669 2124 plano,
693 2024 802 2124 quod
823 2024 967 2101 transit
985 2023 1295 2102 intersectionem
1312 2025 1396 2121 ejus
1414 2027 1550 2102 annuli
1572 2049 1663 2102 eum
1685 2023 1876 2123 ecliptica,

1318 2243 1427 2347 §.a

513 2471 679 2573 Quando
711 2473 879 2546 annulus
906 2473 1068 2550 visibilis
1090 2485 1170 2566 est,
1206 2496 1248 2548 se
1272 2493 1423 2570 semper
1449 2473 1562 2547 nobis
1586 2472 1756 2548 ostendit
1777 2475 1907 2547 forma
1932 2473 2140 2573 ellipseos,
2154 2477 2273 2575 eujus

462 2598 592 2672 minor
617 2597 721 2685 axis,
757 2595 818 2669 vel
840 2598 968 2695 major
991 2600 1053 2673 vel
1068 2601 1200 2673 minor
1218 2597 1282 2687 fit,
1306 2604 1427 2693 prout
1460 2599 1595 2673 oculus
1625 2599 1714 2697 plus
1747 2597 1808 2672 vel
1831 2597 1959 2671 minus
1987 2622 2107 2698 supra
2128 2601 2267 2675 annuli

461 2722 621 2819 planum
655 2719 825 2792 elevatus
847 2727 928 2796 est:
964 2726 1105 2822 major
1120 2734 1249 2797 autem
1268 2722 1349 2795 axis
1382 2743 1532 2819 semper
1569 2723 1712 2797 retinet
1741 2721 1901 2796 eandem
1935 2721 2264 2821 magnitudinem,

460 2869 485 2917 a
506 2862 739 2942 quacunque
763 2850 876 2935 parte
904 2847 1004 2921 etin
1027 2869 1261 2944 quocunque
1290 2843 1370 2918 situ
1400 2847 1512 2921 nobis
1537 2859 1577 2922 et
1601 2849 1793 2923 Saturnus
1811 2855 2007 2942 appareat
2053 2844 2150 2921 Inde
2173 2868 2268 2944 sup-

457 2987 602 3065 ponere
623 2963 805 3037 debemus
834 2970 1023 3044 annulum
1050 2969 1354 3045 circuliformem
1379 2988 1479 3059 esse,
1505 2969 1573 3042 sed
1603 2971 1716 3045 nobis
1743 2969 1920 3067 ellipseos
1948 2970 2114 3045 sormam
2137 2978 2265 3042 osten·

457 3086 569 3174 dere,
593 3072 689 3181 quia
719 3088 855 3162 oculus
881 3090 1366 3168 observatoris'torrestris
1397 3112 1436 3163 se
1459 3116 1538 3168 non
1568 3094 1672 3169 tollit
1696 3115 1819 3189 usque
1853 3092 1906 3164 ad
1934 3096 2006 3168 900
2029 3118 2150 3192 supra
2179 3086 2276 3191 pla

455 3229 550 3279 num
566 3208 701 3285 annuli
711 3215 890 3311 ,illeque
917 3240 1011 3316 ergo
1028 3220 1070 3293 in
1090 3219 1170 3293 situ
1195 3214 1356 3310 obliquo
1384 3214 1637 3306 observatur,
1661 3227 1700 3289 et
1722 3214 1880 3310 quaudo
1909 3223 2019 3287 terra
2040 3214 2074 3285 it
2089 3239 2161 3311 per
2180 3217 2261 3314 pla-

454 3354 549 3407 num
572 3336 726 3428 annuli,
750 3337 931 3436 ellipsis
918 3363 961 3413 ιιι
987 3340 1129 3415 lineam
1154 3340 1489 3432 rectamtransit,
1523 3336 1877 3432 cautissimus,
1909 3356 1956 3408 ex
1978 3336 2092 3411 oculo
2123 3351 2258 3417 nostro

454 3459 655 3533 evanescit

1206 3572 1401 3718 ,Μ
1515 3632 1517 3635 1

500 3810 572 3886 Ad*
585 3809 858 3908 probandum,
882 3816 1073 3889 annulum
1098 3814 1401 3890 circuliformem
1429 3834 1527 3906 esse,
1552 3824 1592 3889 et
1613 3813 1725 3888 nobis
1749 3813 1822 3886 sub
1843 3813 2021 3913 ellipseos
2039 3813 2166 3887 forma
2187 3835 2254 3910 ap-

451 3957 613 4032 parere,
639 3937 768 4011 varias
789 3938 958 4030 formas,
974 3941 1046 4013 sub
1068 3939 1212 4038 quibus
1233 3940 1363 4038 cyclus
1391 3962 1431 4012 se
1450 3939 1588 4014 debeat
1607 3937 1831 4035 designare,
1857 3937 2067 4014 secundum
2096 3934 2261 4033 visionis

450 4070 616 4156 puncta,
642 4085 664 4133 e
684 4064 933 4159 quibuscum
952 4066 1222 4158 observamus,
1244 4065 1486 4164 perscrutari
1503 4063 1736 4163 geometrice
1758 4064 1950 4137 debemus.

497 4183 672 4258 Huncin
691 4187 806 4262 finem
818 4212 1031 4287 ponamus,
1055 4190 1098 4263 in
1122 4189 1252 4287 figura
1270 4191 1449 4289 apposita
1472 4191 1630 4266 oculum
1653 4189 1914 4266 observatoris
1940 4188 1983 4263 iu
2004 4186 2040 4262 Ο
2059 4186 2250 4284 positum,

450 4311 562 4409 quasi
599 4308 641 4383 in
672 4311 818 4385 vertice
845 4318 931 4391 coni
961 4317 1166 4391 radiorum
1193 4315 1354 4390 visionis
1389 4314 1477 4407 ol,
1502 4314 1593 4410 OD,
1618 4313 1705 4407 ΟΕ,
1730 4313 1820 4405 OB,
1852 4324 1924 4414 ete.
1957 4310 2027 4411 qui
2056 4310 2251 4386 circulum

449 4435 548 4512 ΔΕΒ
570 4435 623 4509 ad
643 4436 754 4511 basin
781 4438 921 4529 habet,
945 4464 1045 4539 quae
1064 4442 1438 4541 descriptaestoum
1458 4441 1572 4516 radio
1604 4438 1668 4516 CA
1687 4465 1732 4509 =
1756 4437 1818 4514 cli
1842 4465 1884 4541 ς
1909 4436 1973 4512 CB
1991 4462 2037 4505 =
2061 4458 2110 4522 rt
2144 4435 2248 4508 1511&ss

447 4562 513 4638 00
532 4562 651 4637 ducta
668 4564 718 4638 ab
734 4564 995 4639 observatoris
1015 4569 1129 4643 oculo
1148 4568 1343 4667 usquead
1359 4580 1538 4646 nentrum
1565 4567 1728 4657 aucun,
1752 4561 1841 4637 coni
1861 4561 1951 4636 axin
1982 4561 2148 4653 format,
2174 4561 2249 4658 qui

447 4690 604 4789 oblique
622 4689 665 4763 in
694 4689 778 4785 eius
795 4688 880 4763 basi
909 4688 1009 4764 ΑΕΒ
1038 4695 1188 4791 positus
1219 4705 1288 4770 est.
1344 4694 1511 4795 vando
1535 4695 1621 4794 iam
1654 4688 1953 4767 transmittimus
1981 4689 2141 4789 planum
2169 4709 2246 4786 per

445 4814 535 4905 AB,
569 4838 670 4914 quae
703 4815 1081 4914 perpendiculariter
1112 4822 1283 4922 erigitur
1310 4822 1357 4896 in
1380 4821 1444 4896 ari
1467 4818 1556 4914 00,
1594 4828 1690 4893 tuuc
1726 4813 1829 4890 illud
1859 4815 2021 4916 planum
2058 4823 2242 4890 occurret

444 4940 568 5018 radiis
593 4942 750 5017 visionis
774 4940 844 5018 01)
869 4953 911 5018 et
931 4940 997 5020 ΟΕ
1027 4945 1071 5020 in
1093 4947 1180 5023 det
1193 4972 1244 5041 e,
1277 4947 1479 5047 igiturque
1510 4966 1651 5024 conum
1682 4941 1848 5036 secabit,
1882 4939 2091 5021 seeundum
2116 4940 2240 5013 ratio-

441 5064 531 5151 nem
546 5066 722 5167 ellipseos
740 5066 879 5165 lan,
901 5070 1015 5172 mjm
1032 5072 1131 5151 situs
1148 5084 1189 5153 et
1198 5073 1431 5176 compressio
1451 5095 1525 5177 per
1542 5093 1583 5150 se
1605 5069 1774 5173 pendent
1792 5071 1844 5147 ab
1864 5065 2127 5153 observatoris
2142 5064 2239 5157 stau
