5032 6170
1012 580 1086 607 -·
1135 545 1210 630 117-
1254 579 1328 607 ·-

292 732 503 815 Transtbat
526 730 586 813 nl
598 756 673 836 per
692 733 832 816 emuli
851 733 1016 836 planum
1032 761 1058 818 s
1075 742 1242 823 meridie
1261 742 1314 819 ed
1335 743 1672 844 septentrionem

858 935 928 1015 IV.
977 939 1170 1018 Secunda
1194 942 1466 1039 reapporitto.

296 1126 511 1207 Secundam
535 1130 891 1233 reapparitionem,
928 1159 1036 1234 quae.
1053 1138 1183 1215 medio
1218 1138 1398 1237 Augusto
1426 1136 1559 1212 locum
1585 1134 1732 1210 habere
1760 1134 1982 1228 debuisset,
2015 1138 2088 1225 ‹sb-j

245 1273 405 1328 serrare
427 1277 509 1331 non
525 1265 768 1355 potuerunt,
793 1256 884 1334 ideo
903 1261 1016 1358 quod
1029 1263 1142 1339 brevi
1164 1273 1256 1337 ante
1277 1263 1398 1338 solem
1418 1259 1622 1337 occidebat
1639 1259 1844 1337 Saturnus.

292 1431 574 1514 Fusueuueuss
598 1433 948 1513 renuntiarentur
968 1462 1131 1518 suarum
1152 1442 1473 1518 observationum
1487 1435 1544 1509 sio
1565 1432 1693 1508 tradit
1714 1430 1797 1541 (lje

606 1562 640 1637 Ι.
673 1561 918 1661 Dispositio,
946 1568 1043 1644 1802
1068 1567 1161 1643 Deo.
1184 1571 1234 1644 15
1251 1566 1353 1640 hora
1372 1562 1569 1638 matutina
1587 1559 1623 1632 2.

523 1719 530 1729 ·
580 1685 634 1760 ΙΙ.
660 1686 941 1786 Reapparitio,
967 1693 1065 1769 1803
1089 1692 1179 1768 Jau.
1206 1695 1249 1767 ll
1274 1690 1376 1763 hora
1396 1684 1592 1759 matutina
1611 1683 1667 1771 6ξ.

566 1810 642 1888 ΠΙ.
666 1811 906 1913 Disparitio,
933 1819 1030 1895 1803
1044 1817 1159 1895 Junii
1183 1820 1231 1893 11
1248 1817 1349 1892 hora
1369 1810 1592 1912 vespertina
1609 1810 1653 1884 11.

872 2041 1189 2121 ensnvnrorss
1215 2037 1320 2115 mn
1341 2039 1448 2116 1818.

294 2230 571 2327 Annus1819,
597 2238 639 2313 in
658 2260 743 2338 quo·
769 2239 917 2315 iterum
946 2240 1017 2316 iile
1043 2240 1311 2338 phaenomena
1340 2233 1521 2325 obtinere
1553 2229 1803 2322 debuissent,
1839 2233 2081 2315 observatio-⁴

241 2356 361 2431 nibus
383 2359 497 2434 valde
516 2361 786 2442 incommodus
805 2378 912 2455 erat3
935 2365 1183 2441 menseem'm
1194 2360 1350 2438 Martio
1366 2356 1563 2435 transibat
1582 2357 1643 2432 sol
1655 2380 1729 2457 per
1747 2359 1889 2439 moult
1902 2360 2088 2461 planum,

241 2482 328 2556 fere
359 2485 496 2560 eodem
519 2500 720 2589 tempore,
746 2516 826 2590 quo
858 2492 1053 2566 Saturnus
1080 2514 1174 2566 oum
1199 2489 1281 2564 sole
1311 2487 1356 2563 in
1384 2483 1661 2585 conjunctione
1695 2493 1795 2558 erat.
1852 2486 1985 2586 Neque
2019 2513 2083 2564 re·

239 2611 529 2705 apparitionem
564 2615 773 2689 observare
802 2626 1018 2717 poterant,
1046 2614 1239 2713 quoniam
1267 2612 1465 2687 Saturnus
1497 2608 1629 2686 adhuc
1663 2610 1712 2683 in
1726 2609 1853 2685 radiis
1870 2615 2074 2695 solaribus

239 2744 337 2808 erat.
388 2735 533 2813 Postea
553 2763 681 2843 neque
695 2750 808 2817 terra
827 2765 955 2841 neque
980 2741 1041 2819 sol
1060 2762 1202 2816 mrrsrs
1217 2761 1298 2838 per
1313 2736 1450 2813 annuli
1469 2735 1634 2835 planum
1654 2737 1868 2815 namnet

728 2967 1044 3044 Oasmvsrsours
1065 2963 1256 3041 Ausonum
1281 2965 1379 3065 1832
1404 2983 1450 3038 su
1477 2961 1587 3037 1833.

216 3233 219 3239 ,
289 3156 425 3255 Quum
454 3183 500 3235 ex
523 3164 819 3262 computatione
844 3162 1007 3236 Saturni
1032 3158 1202 3234 aunrrlus
1230 3167 1398 3232 exeunte
1419 3178 1549 3232 menso
1578 3157 1799 3256 Septunbri
1823 3158 1886 3233 vei
1918 3159 2081 3239 ineunte

238 3278 523 3364 octobrium
544 3289 706 3366 (saberet
733 3290 961 3389 d'rsparere,
997 3286 1186 3384 quoniam
1209 3295 1321 3360 terra
1347 3306 1421 3384 per
1442 3285 1580 3359 annuli
1608 3283 1771 3383 planum
1793 3290 2079 3365 transeundum

240 3418 348 3496 erat;
373 3410 484 3485 ill'am
516 3422 647 3489 tamen
685 3414 986 3513 disparitionem
1022 3434 1102 3488 nen
1134 3418 1351 3509 potuerunt
1388 3409 1625 3503 ebremaro,
1664 3409 1853 3505 quoniam
1883 3414 1927 3489 in
1951 3416 2084 3499 radiis

244 3531 443 3609 solaribus
460 3546 549 3611 erat
568 3537 780 3619 Saturnus.

288 3658 363 3735 Die
386 3662 435 3736 12
452 3660 680 3741 Decembris
703 3669 799 3745 1832
819 3666 966 3744 Bsssm
989 3685 1122 3742 omnes
1140 3660 1333 3737 invitabat
1353 3670 1618 3754 astronomos,
1644 3664 1716 3762 qui
1733 3664 1826 3740 solis
1848 3686 1922 3765 per
1939 3662 2078 3739 annuli

239 3782 403 3879 plenum
432 3789 668 3883 transitum,
685 3793 778 3890 jism
796 3793 946 3869 iaottmr
971 3793 1263 3879 observassent,
1288 3788 1572 3884 auendereque
1601 3791 1745 3867 vellent
1761 3792 1816 3867 ad
1832 3793 1928 3867 hinc
1946 3813 2079 3865 sucee-

240 3907 376 3984 dentia
399 3911 593 4008 ejusmodi
615 3916 901 4015 phaenomena,
925 3929 973 3993 ut
1002 3915 1249 3994 immediatos
1279 3912 1425 3987 limites
1455 3933 1481 3984 a
1510 3934 1553 3987 se
1580 3915 1829 4009 observatos,
1858 3918 1902 3995 in
1932 3917 2078 3990 Astra

238 4037 442 4114 romische
476 4039 756 4120 Naobrielttou
786 4046 1008 4146 vulgarent.
1056 4040 1203 4134 Addit,
1227 4060 1353 4114 unum
1372 4037 1460 4135 jam
1485 4037 1655 4115 limitem
1684 4043 1853 4140 alictrjus
1887 4039 2077 4114 momenti

240 4164 364 4260 pretii-
395 4163 568 4265 alicujus
591 4192 672 4245 esse
707 4194 842 4270 posse,
878 4171 1066 4271 quoniam
1096 4170 1176 4262 itu,
1210 4165 1433 4264 conjunctis
1460 4165 1801 4245 observationibus
1828 4169 1871 4243 in
1889 4167 2077 4264 pluribus

243 4286 433 4385 speculis,
466 4302 620 4392 tompus
650 4296 934 4373 observationis
957 4298 1139 4394 deinceps
1163 4300 1294 4393 posset
1322 4288 1503 4381 definiri,
1540 4290 1803 4393 inprimisque
1831 4314 1957 4390 quum
1979 4291 2075 4390 pha·

239 4429 301 4481 see
317 4410 415 4484 anni*
431 4422 660 4514 tempestate
677 4417 809 4497 locum
833 4424 1024 4513 habeant,
1051 4420 1166 4517 cujus
1197 4418 1326 4495 multa
1353 4416 1607 4495 incommoda
1629 4429 1813 4520 expertus
1832 4425 1921 4492 erat
1942 4416 1986 4491 in
2005 4418 2076 4491 eb·

240 4534 435 4611 servando
458 4540 553 4616 solis
569 4567 643 4643 per
662 4546 800 4620 annuli
819 4547 983 4646 planum
1000 4543 1174 4621 nanum
1196 4539 1268 4640 (2),

289 4657 395 4734 Hinc
415 4677 619 4758 sequentes
634 4670 925 4746 observationes
942 4669 1082 4745 missae
1099 4677 1210 4743 sunt:

286 4781 458 4861 Btmcm
474 4788 680 4889 Oottajooi
698 4803 819 4871 noctu
835 4793 940 4871 inter
958 4796 1007 4872 le
1025 4801 1069 4867 et
1084 4792 1135 4871 211
1153 4786 1338 4867 Octobris
1353 4786 1463 4864 diem
1471 4788 1691 4866 Saturnum·
1702 4787 1931 4866 observavit
1955 4785 2072 4864 nullo

286 5105 336 5192 (l)
362 5106 620 5181 connaissance
639 5111 700 5183 dor
721 5126 804 5186 tems
827 5115 885 5185 Aa
905 5113 980 5186 xlv
1003 5109 1137 5203 (1806).
1160 5120 1234 5203 με.
1257 5111 1338 5183 ter.

285 5217 335 5309 (2)
349 5218 555 5341 ¹Astrouour.
577 5223 711 5301 Naohr,
739 5226 895 5301 110288.
