4970 6164
952 506 1264 586 ..221-

44 769 70 793 ,‚
206 699 338 775 dinem
357 698 535 798 reliquae
555 699 693 776 annuli
725 702 851 800 partis
883 711 1061 780 extensae
1092 702 1182 777 sint
1229 696 1337 775 llaec
1368 705 1500 773 ouum
1520 708 1578 775 est
1599 699 1905 791 aalmadrorsio,
1930 720 2011 797 qua

207 847 317 899 mam
339 824 555 902 ommsms
573 826 864 924 explicationem
888 829 1021 904 firmat
1043 827 1106 926 (1).

36 1026 58 1047 ,,
255 950 519 1050 Coum-nentia
550 952 671 1049 hujus
699 953 1068 1047 animadversionis,
1091 951 1223 1049 inquit
1250 948 1451 1043 Bamnns,
1481 973 1527 1027 ex
1550 951 1801 1028 multitudine
1818 965 1925 1055 patet
1947 956 2016 1030 ob«

67 1166 70 1179 ,
205 1075 490 1168 mmationum,
510 1086 561 1151 ut
579 1102 615 1152 v.
637 1101 670 1153 c.
692 1078 736 1153 in
762 1078 858 1152 lima
885 1078 1117 1172 faleiformi,
1141 1076 1300 1177 quando
1319 1076 1403 1172 ejus
1424 1098 1504 1151 non
1527 1075 1754 1149 luminatam
1779 1081 2016 1181 hemisphae-

204 1222 289 1275 ram
306 1200 427 1274 debili
448 1200 624 1275 ridemus
648 1202 817 1295 lumine,
841 1203 1139 1300 illuminataque
1160 1222 1309 1277 cornua
1340 1197 1393 1272 ad
1415 1199 1603 1297 majorem
1633 1200 1826 1278 circulum
1846 1206 2017 1304 pertines,

205 1346 252 1399 re
278 1324 482 1416 sidentur,
508 1346 623 1423 quam
641 1327 941 1403 circumclusum
962 1331 1172 1403 obscurum
1190 1326 1403 1415 airardum,
1427 1335 1536 1399 -ct
1558 1346 1628 1398 nos
1643 1324 1834 1421 proclives
1858 1351 2014 1420 sumus,

50 1546 54 1561 Ι
205 1459 252 1523 ut
286 1449 407 1523 stallis
440 1450 527 1525 fixis
545 1451 674 1526 multo
695 1455 970 1530 notabiliorem
1000 1464 1251 1555 apparentem
1280 1453 1591 1551 magnitudinem
1619 1452 1861 1544 tribuamus,
1895 1477 2014 1551 quam

5 1560 7 1607 ;
67 1594 78 1623 ··
203 1597 343 1650 revera
359 1576 605 1674 possideant,
630 1587 703 1653 etc.
723 1578 790 1679 (2).
840 1581 1116 1661 Hmscnansus
1139 1581 1258 1656 etiam
1279 1581 1323 1654 in
1349 1579 1430 1654 suis
1459 1582 1507 1654 de
1535 1578 1677 1653 lucidis
1705 1579 1859 1676 punctis
1883 1581 2017 1655 obser·

61 1680 64 1693 ¹
204 1701 450 1793 rationibus,
475 1701 527 1776 ad
546 1704 647 1777 hano
674 1725 756 1777 reon
779 1716 952 1785 attentus
971 1711 1124 1800 fuerat,
1149 1727 1402 1806 expresseque
1428 1706 1576 1802 ajebat,
1600 1714 1746 1802 puncta
1762 1705 1916 1794 lucida,
1941 1728 2013 1803 per

71 1812 73 1823 ’
204 1849 306 1924 quae
334 1827 459 1926 ipsius
484 1827 621 1902 annuli
640 1828 874 1907 rotationem
897 1833 1126 1927 deliniebat,
1150 1857 1230 1910 non
1253 1839 1404 1905 montes
1426 1852 1507 1903 esse
1528 1828 1804 1920 nominandos,
1829 1832 2014 1926 quoniam

69 1996 72 2007 ·
204 1952 324 2026 edam
343 1962 477 2050 partes
499 1953 753 2051 planitierum
772 1966 927 2052 possent
946 1980 1049 2052 esse,
1073 1981 1174 2059 quae
1193 1957 1319 2032 solum
1338 1952 1571 2028 viridiorem
1595 1953 1718 2029 lucem
1743 1953 2008 2044 reflecterent,

205 2087 327 2173 atque
348 2100 375 2150 a
392 2078 506 2152 nobis
529 2077 612 2152 sine
631 2078 798 2154 notabili
816 2093 1031 2179 apparente
1048 2081 1319 2182 magnitudine
1334 2078 1662 2174 conspicerentur.

59 2191 62 2203 ’
255 2202 345 2276 Hoc
362 2224 458 2300 ergo
487 2212 534 2275 ut
550 2223 771 2278 eoncessum
793 2213 1009 2298 sumentes,
1033 2207 1238 2303 inquirere
1253 2201 1461 2292 debemus,
1496 2201 1692 2297 quomodo
1722 2203 1860 2277 annuli
1890 2202 2015 2298 plani-

203 2324 277 2398 ties
298 2348 324 2397 a
342 2327 422 2399 solo
441 2326 642 2402 oceidente
658 2328 788 2403 adhuc
810 2326 940 2401 debila
968 2327 1191 2401 illuminata
1207 2326 1250 2401 in
1269 2328 1414 2403 nostris
1445 2328 1590 2417 oeulis,
1615 2326 1685 2423 qui
1707 2328 1789 2401 fere
1819 2330 1862 2401 in
1878 2325 2015 2400 annuli

205 2448 324 2548 plano
343 2452 511 2545 adsunt,
533 2462 746 2552 appareat,
771 2462 810 2526 et
829 2474 925 2526 num
953 2452 1071 2526 etiam
1100 2452 1190 2527 loca
1206 2450 1249 2525 in
1277 2452 1352 2529 hac
1382 2463 1497 2529 tenue
1520 2452 1741 2526 illuminata
1772 2453 1911 2527 annuli
1933 2451 2016 2550 pla·

204 2574 303 2647 nitio
334 2597 415 2649 esse
440 2579 612 2675 possint,
643 2602 670 2651 a
703 2579 846 2676 quibus
877 2578 1068 2653 intensior
1095 2575 1164 2651 htx
1191 2575 1244 2651 ad
1277 2588 1433 2654 nostros
1463 2579 1666 2677 perveniat
1695 2578 1840 2654 oculos.
1899 2574 2014 2649 Circa

206 2694 282 2769 hoo
298 2704 449 2795 tempus
471 2724 624 2778 necasse
647 2710 727 2791 est,
752 2711 799 2774 ut
831 2700 999 2774 annulus
1029 2721 1069 2773 se
1101 2700 1213 2774 nobis
1243 2703 1447 2794 ostendat,
1477 2712 1524 2777 ut
1553 2701 1667 2778 ralde
1696 2708 1935 2778 contractam
1965 2697 2018 2771 el-

205 2820 350 2919 lipsin,
385 2848 488 2920 quae
511 2847 654 2924 parum
684 2849 709 2899 a
736 2825 840 2899 brea
873 2825 1052 2918 differat,
1086 2834 1205 2922 atque
1231 2827 1283 2901 ab
1315 2837 1485 2923 utraque
1512 2826 1670 2903 Saturni
1701 2828 1864 2902 emineat
1890 2834 2014 2922 parte.

206 2946 333 3041 Alani
352 2947 504 3042 lumen,
530 2951 638 3049 qnod
669 2950 721 3024 ab
752 2972 991 3048 unoquoque
1023 2950 1144 3047 hujus
1176 2949 1303 3029 lineae
1329 2962 1474 3052 puncto
1495 2949 1548 3025 ad
1566 2952 1721 3026 oculum
1748 2950 1920 3040 aceedit,
1944 2948 2019 3029 tali

205 3071 325 3148 motio
347 3087 576 3176 computare
604 3100 833 3175 possum:
869 3075 1038 3151 lennem
1070 3074 1206 3151 annuli
1231 3077 1373 3155 lineam
1405 3080 1487 3155 siue
1514 3078 1636 3153 dubio
1656 3101 1703 3152 eo
1722 3078 1808 3154 loco
1828 3075 2020 3152 lucidissi-

207 3219 312 3274 mam
334 3203 535 3296 videmus,
559 3226 639 3301 quo
658 3203 764 3276 risus
796 3203 924 3278 nostri
958 3202 1096 3277 radius
1121 3212 1294 3277 transeat
1322 3207 1485 3283 mamma
1516 3204 1754 3285 illuminatas
1771 3203 1906 3279 annuli
1928 3225 2020 3299 par-

211 3332 286 3414 tes,
310 3326 372 3399 rel
388 3328 465 3418 ibi,
489 3330 559 3403 nbi
579 3326 791 3403 illuminati
813 3328 950 3404 annuli
979 3327 1199 3402 crassitudo
1212 3327 1264 3403 sit
1285 3329 1474 3419 manima3
1498 3330 1733 3426 quandoque
1757 3326 2018 3401 intensitatem

205 3446 369 3522 laminis
385 3453 523 3525 annuli
553 3452 765 3528 illuminati
793 3476 840 3529 er
867 3449 1078 3527 latitudine
1111 3464 1400 3551 computamuS,
1424 3462 1645 3550 sequentem
1671 3451 1910 3549 acquirimus
1926 3472 2021 3546 pro-

207 3572 463 3670 positionem:
485 3580 537 3650 ln
558 3579 709 3677 stass
729 3580 836 3654 orbis
850 3578 1010 3654 Saturni
1031 3600 1118 3651 cum
1137 3579 1327 3653 ambobus
1340 3579 1495 3655 annulis
1512 3579 1690 3677 depictus
1710 3587 1788 3666 est,
1806 3575 2019 3649 seeundum

209 3720 326 3774 veras
340 3700 623 3777 diametrorum
643 3703 871 3791 relationem
894 3702 1001 3800 nigri
1030 3704 1166 3777 annuli
1193 3703 1406 3783 intervalla
1431 3706 1628 3804 planetam
1657 3714 1697 3779 et
1721 3702 1885 3777 annulos
1914 3702 2018 3775 inter

208 3837 448 3922 proponunt.
506 3828 588 3927 Ipsi
626 3829 797 3906 Saturno
837 3830 938 3906 nibil
973 3851 1095 3925 porro
1133 3830 1252 3920 inest,
1289 3832 1398 3928 qnod
1432 3830 1485 3905 ad
1518 3841 1673 3905 nostras
1712 3826 2018 3915 observationem

210 3970 331 4044 quam
354 3953 463 4049 quod
485 3974 555 4026 noa
585 3952 794 4052 impediat,
832 3957 941 4032 illam
974 3955 1109 4031 annuli
1132 3965 1285 4053 partem
1303 3974 1532 4052 agnoscere,
1555 3976 1657 4050 quae
1680 3953 1885 4049 interjacet
1898 3951 2019 4024 lineas

5 2854 60 2929 po

5 2959 59 3034 lta

5 3112 52 3187 op

6 3242 47 3293 m

6 3360 44 3421 an

6 3477 38 3549 a

6 3627 34 3677 m

6 3753 35 3804 a

6 4012 30 4185 »τέ-’Ξ
6 3862 31 3932 ξ

257 4302 305 4389 (l)
329 4301 421 4368 lianc
442 4299 603 4399 Otanasu
619 4301 862 4395 explicationem
882 4311 1109 4369 commemorat
1127 4302 1285 4369 unsrun
1304 4299 1338 4369 in
1356 4301 1419 4367 suis
1442 4301 1610 4391 operibus:
1634 4299 1757 4387 Brieso
1779 4298 1863 4362 siber
1881 4297 2018 4364 oiieAs·

213 4415 401 4492 tronoma'e,
425 4422 520 4499 alque
550 4409 589 4476 V
588 4413 791 4504 orlerangen
819 4413 903 4478 iiber
926 4413 986 4478 die
1001 4414 1239 4489 latrocimis,
1263 4431 1399 4498 eamque
1432 4406 1565 4476 (lautas
1594 4411 1660 4499 ipse
1691 4406 1783 4474 valde
1804 4406 1911 4473 laudat
1930 4407 2024 4472 relut'

209 4523 334 4612 egregie
355 4534 388 4588 et
408 4520 512 4610 ample
538 4521 745 4610 propositam.
791 4520 866 4588 vid.
886 4522 1031 4590 Astron.
1058 4522 1212 4600 Nasici,
1237 4520 1276 4587 Β.
1295 4516 1353 4586 ΧΙ.
1381 4514 1439 4585 ΝΟ.
1461 4520 1538 4590 241.
1583 4516 1662 4585 Inde
1680 4529 1727 4583 est
1747 4515 1833 4606 qnod
1858 4515 1940 4581 hano
1960 4537 2013 4581 ex-

211 4631 417 4721 plicationem
439 4630 614 4725 describam
636 4652 673 4696 er
693 4653 788 4722 opere
810 4630 1051 4721 Vorlesaagea
1071 4631 1153 4695 siber
1175 4628 1232 4695 die
1251 4628 1481 4697 Astronomie.

226 4768 233 4791 0
258 4742 309 4826 (il
331 4738 394 4809 Sed
412 4728 468 4805 bio
483 4737 713 4806 observmdum
735 4751 802 4820 ost,
825 4724 913 4806 iilam
931 4739 1017 4804 visat
1042 4737 1223 4807 illusionem
1249 4751 1373 4806 tantum
1403 4734 1496 4804 oculo
1518 4756 1583 4804 naa
1612 4747 1732 4803 umato
1752 4730 1856 4800 locum
1875 4730 2014 4810 habore,

211 4847 266 4914 sod
290 4870 354 4939 ope
367 4859 477 4936 autem
492 4847 659 4938 telmoopii
675 4849 860 4939 disparere,
881 4870 1002 4938 nosque
1033 4849 1143 4919 ambos
1159 4850 1253 4921 lma
1273 4848 1388 4919 onorii
1406 4847 1559 4921 circuitos
1587 4868 1686 4935 aeque
1712 4864 1863 4943 magnos»
1894 4841 2027 4911 stelit*

213 4978 276 5048 que
293 4959 392 5038 liras,
413 4969 450 5024 nt
470 4968 588 5047 puncta
606 4959 676 5026 sine
691 4957 938 5027 dimensionibus
960 4957 1082 5027 videre.
1128 4958 1287 5044 Quatenus
1306 4958 1385 5025 haec
1412 4956 1733 5033 intramuranis,
1763 4952 1858 5040 iujos
1886 4952 1933 5017 rei
1962 4975 2017 5018 ra-

213 5066 304 5134 tione
329 5066 461 5149 habita,
485 5065 615 5139 tustra
632 5068 696 5149 sit,
716 5093 781 5139 noa
799 5070 985 5162 inquiram3
1008 5067 1134 5138 lucidae
1162 5067 1273 5137 annuli
1301 5067 1443 5136 maculae
1469 5067 1599 5159 optimis
1628 5077 1700 5135 sant
1727 5062 2017 5133 observataetelct·

214 5196 330 5269 oopus.
