4970 6164
1217 490 1541 573 mm...

532 678 742 755 Brevittttis
764 698 902 771 eausa,
928 681 993 757 hie
1016 683 1254 759 nnciam
1293 684 1622 782 oompmtetiauoet
1654 679 1933 759 consumam
1955 674 2115 777 cumn
2138 676 2288 757 valetus

483 804 570 902 ipsc
583 804 825 903 computavi,
848 822 949 900 quoe
965 805 1097 881 inveni
1111 809 1281 904 perfecte
1297 831 1386 881 eum
1409 809 1480 898 iis,
1505 829 1605 905 quae
1619 806 1740 881 mue
1755 812 1890 894 erunt,
1913 803 2130 881 canturire.

482 998 488 1005 .
534 931 591 1005 Er
608 953 654 1004 ea
672 929 808 1004 tabula
822 930 1035 1026 perfectam
1052 952 1256 1029 possumus
1289 931 1463 1005 nancisei
1496 930 1626 1005 ideam
1653 928 1703 1003 de
1724 927 2024 1026 phoenmeuis,
2048 953 2150 1026 quae
2164 952 2287 1009 nauu-

482 1055 617 1130 lorum
640 1076 754 1129 ansae
772 1055 971 1152 praebent
1022 1053 1207 1129 viamus
1234 1074 1393 1153 qnoque
1420 1058 1463 1131 in
1491 1074 1729 1151 unaqueque
1761 1072 1855 1127 ensa
1886 1070 2037 1125 neeesse
2059 1075 2159 1146 esse,
2178 1068 2228 1131 ut
2246 1082 2287 1130 se

478 1181 567 1255 duo
584 1181 717 1256 lucida
732 1180 818 1253 loca
842 1178 1068 1265 ostendant3
1093 1202 1194 1252 mins
1214 1180 1327 1285 leons
1359 1203 1513 1283 nempe
1523 1177 1636 1257 valde
1671 1175 1872 1274 splendens
1898 1185 2018 1271 atque
2041 1186 2219 1261 extensus
2247 1182 2290 1253 ln

487 1304 616 1378 medio
639 1306 721 1379 fere
745 1326 947 1392 ansarum3
971 1314 1090 1401 atque
1119 1325 1222 1375 unus
1248 1303 1453 1401 insigniter
1478 1305 1608 1378 minor
1627 1301 1901 1399 difficiliorque
1928 1302 2138 1391 distinctu,
2166 1304 2289 1401 rums

488 1430 540 1502 ad
557 1453 691 1503 carum
715 1428 830 1502 finem
888 1426 1020 1524 Quum
1051 1428 1152 1502 illud
1178 1429 1306 1537 quod
1310 1430 1461 1537 clarum
1492 1434 1676 1527 eppttfflt
1702 1425 1818 1501 “iiam
1841 1427 2024 1502 Vldffltllr
2042 1432 2168 1527 mejus
2186 1454 2289 1512 esses

487 1554 599 1629 facilc
619 1554 706 1626 fieri
728 1562 876 1652 potest,
901 1562 947 1625 ut
969 1553 1030 1626 illi
1056 1554 1138 1627 duo
1160 1555 1319 1629 lirnrinis
1341 1530 1458 1646 nodi,
1483 1554 1676 1629 montium
1708 1552 1834 1626 instar
1861 1552 2102 1642 habeantur,
2126 1555 2293 1655 hincque

488 1679 734 1753 &unornane
752 1681 823 1753 hos
846 1679 1005 1753 luminis
1028 1681 1152 1756 nodos
1172 1684 1275 1757 etin
1294 1692 1408 1780 parte
1428 1681 1565 1755 annuli
1588 1678 1762 1754 australi
1792 1677 1931 1752 iisdem
1963 1680 2081 1773 loeis,
2105 1683 2176 1756 et
2164 1708 2206 1757 111
2224 1685 2292 1759 bo-

487 1802 586 1875 reali
603 1801 736 1875 ridere
758 1804 932 1877 debebat.

535 1927 625 2001 llue
644 1952 800 2025 quoque
819 1928 1107 2003 annotationem
1127 1929 1240 2003 addit
1271 1928 1513 2022 Ouaunsrus,
1538 1930 1647 2004 illam
1680 1950 1815 2027 nempe
1838 1927 2058 2024 regularem
2079 1932 2292 2027 apparitio·

488 2075 575 2126 nem
599 2054 767 2127 duorum
791 2054 1014 2129 lucidorum
1033 2054 1191 2129 luminis
1216 2057 1414 2131 nodorum
1446 2058 1488 2130 in
1511 2079 1669 2154 quaque
1687 2079 1781 2130 ansa
1812 2076 2049 2152 supponere.
2074 2060 2207 2130 ambos
2226 2082 2292 2133 an·

487 2178 623 2267 nulos,
648 2178 690 2251 in
718 2180 898 2254 omnibus
925 2180 1005 2252 suis
1033 2182 1233 2277 partibus,
1257 2182 1301 2256 iu
1330 2207 1409 2258 uno
1440 2185 1654 2281 eodemque
1675 2182 1793 2282 plano
1803 2180 1950 2279 jacere
1999 2181 2040 2254 Si
2063 2182 2293 2261 habeantad

486 2325 527 2403 se
551 2303 728 2399 exiguam
750 2305 1038 2379 inclinationem
1064 2306 1200 2378 annuli
1233 2305 1347 2406 (quae
1379 2310 1493 2383 valde
1528 2309 1760 2386 verosimilis
1781 2316 1860 2395 est,
1886 2305 2094 2401 quoniam,
2120 2307 2162 2381 in
2185 2330 2295 2407 reap-

488 2427 730 2531 poritionum
759 2431 896 2520 initio,
931 2427 1180 2503 occidentalis
1212 2453 1306 2504 ansa
1338 2428 1570 2531 plerumque
1606 2437 1730 2533 magis
1761 2432 1965 2532 perspicue
2008 2430 2295 2528 intensIoreque

489 2552 635 2649 lumine
655 2577 773 2651 quam
796 2552 998 2627 orientalis
1010 2572 1049 2624 se
1065 2552 1273 2650 ostendit),
1299 2556 1463 2631 fortasse
1488 2569 1528 2632 et
1542 2559 1649 2657 ipsae
1666 2556 1883 2654 singulares
1902 2551 2140 2627 annulorum
2162 2569 2292 2655 partes

488 2699 568 2749 uon
589 2675 632 2749 in
650 2698 729 2750 uno
747 2666 959 2773 codemque
979 2674 1097 2774 plano
1115 2676 1268 2773 jacent3
1294 2704 1374 2777 quo
1398 2680 1465 2770 fit,
1489 2691 1537 2754 ut
1555 2681 1763 2780 pleraeque
1782 2677 2096 2776 irregularitatis
2116 2675 2158 2757 in
2175 2682 2293 2779 phae-

489 2799 662 2873 nomenis
692 2823 813 2899 supra
845 2800 1068 2874 memoratis
1101 2813 1330 2885 occurrant,
1365 2803 1574 2901 praecipue
1603 2801 1762 2900 quando
1788 2809 1899 2875 terra
1933 2796 1996 2876 rel
2028 2804 2087 2877 sol
2117 2807 2293 2901 proxime

490 2924 627 2997 annuli
646 2924 763 3022 plano
786 2924 948 2999 aceedit.
978 2923 1028 2997 lu
1046 2924 1181 3022 priore
1198 2947 1291 3001 casu
1301 2941 1438 3029 partes
1453 2931 1669 3006 anteriores
1683 2925 1828 3001 mules
1843 2923 2080 2999 interiorum
2094 2935 2293 3024 tegerent,

491 3049 664 3146 eliasque
693 3073 833 3147 magna
866 3072 937 3122 sua
966 3048 1405 3130 umbra-obscurarent.
1461 3052 1548 3130 Hoc
1578 3056 1710 3129 locum
1737 3049 1905 3124 habebat
1938 3072 2068 3123 mense
2092 3046 2297 3130 Decembri

493 3176 586 3250 anni
607 3175 724 3263 1832,
749 3181 992 3271 quapropter
999 3174 1169 3248 “luminis
1186 3174 1282 3250 nodi
1296 3177 1410 3252 initio
1427 3196 1467 3251 se
1483 3203 1561 3253 non
1578 3177 1852 3263 ostendebant,
1876 3183 1995 3270 atque
2014 3173 2170 3250 demum
2189 3178 2297 3254 dein·

494 3326 581 3400 ceps
608 3299 869 3399 apparebant,
904 3296 1070 3394 quaudo
1092 3297 1152 3370 sol
1184 3322 1224 3372 se
1250 3303 1376 3400 magis
1404 3302 1606 3400 magisque
1624 3302 1799 3377 elevabat
1824 3322 1946 3401 supra
1960 3300 2098 3376 annuli
2118 3302 2296 3399 planum3

494 3444 770 3523 quamquame
795 3431 905 3495 terra
935 3421 1041 3495 visae
1062 3443 1179 3494 ansae
1195 3423 1402 3517 clariores,
1426 3424 1542 3500 simul
1560 3444 1654 3497 vero
1674 3429 1917 3523 angustiores
1938 3437 2183 3525 apparerent.
2232 3429 2298 3503 sl-

495 3561 557 3621 ter
572 3550 722 3622 obtinet
740 3567 851 3619 casus
880 3566 926 3617 eo
949 3553 1144 3643 tempore,
1170 3571 1250 3645 quo
1270 3572 1343 3648 per
1368 3550 1504 3626 annuli
1528 3546 1688 3644 planum
1718 3558 1829 3624 terre
1860 3550 2029 3639 tramit,
2064 3551 2173 3647 quod
2197 3554 2301 3627 obti-

496 3672 583 3745 nuit
603 3669 730 3766 Aprili
750 3679 789 3742 et
803 3668 927 3743 Junio
953 3670 1148 3744 mensibus
1167 3676 1260 3749 anni
1287 3677 1391 3753 1833
1437 3675 1518 3776 Qui
1548 3671 1679 3744 ultimi
1712 3676 1904 3749 transitus
1927 3674 2055 3750 mtdto
2078 3680 2299 3754 accuratius

498 3818 613 3892 quarn
639 3792 699 3866 illi
717 3794 906 3869 transitus
928 3791 1036 3892 plani
1051 3797 1189 3874 annuli
1210 3823 1283 3900 per
1301 3800 1423 3877 solem
1439 3796 1640 3874 observari
1662 3811 1832 3899 possunt.

1230 4018 1243 4155 ;
1327 4021 1360 4122 s·
1412 4022 1470 4100 ¹2·
1591 4016 1600 4155 ;

546 4236 653 4340 Quid
689 4260 783 4312 vero
823 4238 966 4317 herum
1002 4248 1314 4323 memorabilium
1348 4247 1581 4347 epocharum
1596 4270 1603 4281 ·
1621 4241 1911 4320 observationes
1949 4246 1999 4320 de
2039 4244 2118 4319 illis
2154 4244 2299 4320 lucidis

498 4364 653 4465 punctis
681 4364 1101 4469 inaequalitatibusque
1138 4370 1384 4448 docuerunt?
1427 4373 1508 4446 sine
1544 4370 1665 4444 dubio
1692 4380 2002 4465 expectaremus,
2036 4379 2201 4467 propter
2223 4370 2299 4444 exi·

498 4490 598 4565 mios
628 4508 864 4584 magnosque
887 4493 1107 4569 reflecteret
1138 4498 1484 4595 refractoreeque,
1502 4495 1645 4590 quibus
1659 4491 1847 4590 plurima
1883 4492 2084 4592 rumpas
2122 4496 2297 4592 speculae

496 4625 589 4690 sunt
613 4602 836 4710 praeditae,
858 4614 969 4690 litem
995 4610 1300 4695 liunscarmuu‘
1315 4621 1423 4693 inter
1446 4618 1783 4714 scmomunquc
1799 4628 1903 4693 nane
1926 4620 2084 4695 omnino
2105 4619 2298 4696 accuratis

497 4730 835 4813 cbdcrvatiom‘bus
860 4757 949 4809 ⁴esse
986 4737 1206 4817 diremtum.
1236 4743 1485 4819 ·Aecuratae
1515 4741 1803 4817 observationes
1834 4744 1967 4842 quoad
2006 4745 2134 4820 miuus
2164 4746 2296 4821 ferens

499 4859 603 4934 aeris
621 4857 825 4955 temperies
848 4860 1017 4944 sinebat.
1042 4884 1067 4935 a
1080 4866 1428 4961 praestantissimis
1445 4868 1548 4941 viris
1563 4867 1790 4957 institutae,-
1813 4854 1934 4966 idque
1961 4869 2119 4973 optimis
2149 4869 2295 4942 instru-

502 4982 661 5072 mentis,
685 4989 791 5056 certe
806 5008 885 5059 non
927 4984 1118 5072 defeeem
1153 5009 1224 5060 nec
1237 4997 1381 5067 ·tamen
1413 4990 1551 5067 nobis·
1541 4990 1756 5137 gratulari
1780 5012 1995 5091 possumus
2027 4991 2178 5067 felicem
2207 5013 2296 5066 eum

497 5115 696 5192 eventum,
727 5107 798 5205 qui
820 5106 1079 5210 expectandus
1093 5104 1243 5186 inisset
1292 5142 1850 5170 ··········
1912 5168 1917 5177 .
1975 5144 1992 5162 ⁴
