4970 6164
976 568 1069 605 ···÷
1114 537 1187 615 tul
1235 560 1331 603 emv

232 736 341 807 trum
364 729 568 808 rotabitur
594 736 716 826 atque
735 718 789 803 ad
814 727 856 805 id
875 737 1067 829 punetum
1097 731 1336 830 gravitabit‚
1360 729 1469 806 velut
1500 728 1674 819 satellem
1696 750 1743 805 eo
1766 738 1896 803 tamen
1919 724 2059 802 discri-

231 858 358 950 ιιιίιιο,
387 852 551 931 utillud
572 854 616 931 in
634 854 814 955 planetae
841 856 1000 934 interne
1030 867 1147 959 pnite
1177 880 1337 934 movere
1362 879 1404 933 se
1428 857 1598 955 poterit3
1623 855 1702 932 erit
1725 877 1822 954 ergo
1840 856 1884 959 ei
1900 852 2053 929 stabilis

230 992 366 1059 motus
382 981 570 1059 eonditio.

230 1168 233 1173 .
282 1108 423 1205 Itaque
450 1107 494 1184 in
512 1109 575 1183 his
594 1105 748 1182 duabus
777 1106 1070 1185 venditionibus
1104 1110 1350 1209 requiritur,
1374 1120 1422 1187 ut
1447 1107 1618 1189 annulus
1642 1106 1686 1185 in
1706 1105 1828 1208 pleno
1855 1131 1928 1184 suo
1951 1117 2055 1183 rote-

236 1244 330 1326 tur,
354 1234 477 1333 idque
497 1234 659 1334 quidem
685 1255 828 1332 magne
845 1233 1046 1311 eeleritate

1098 1450 1205 1554 §.a

134 1640 139 1647 “
283 1644 414 1722 Porro
436 1669 595 1748 qnoque
611 1672 658 1727 m
676 1645 806 1727 Pares
828 1648 1000 1726 ostendit
1020 1650 1095 1751 (l),
1121 1653 1278 1729 duobus
1311 1650 1474 1727 Saturni
1495 1645 1675 1741 annulis,
1707 1646 1832 1725 variis
1861 1648 2060 1724 distantiis

240 1796 266 1848 a
287 1774 445 1874 planeta
467 1775 628 1873 positis,
652 1799 726 1876 per
744 1778 837 1853 solis
859 1778 1052 1853 nationem
1075 1782 1206 1855 varios
1228 1779 1506 1877 praesessionis
1537 1787 1667 1851 motus
1684 1797 1765 1849 esse
1782 1775 1942 1868 debere,
1967 1775 2059 1873 qui,

238 1901 315 1975 nisi
347 1901 448 1975 aliae
471 1902 575 1976 vires
602 1925 643 1977 se
675 1914 934 2002 opponerent,
965 1915 1156 2004 perpetuo
1184 1917 1366 1980 mutuum
1404 1905 1614 2004 planorum
1645 1920 1809 1977 suornm
1834 1902 1954 1977 situm
1978 1925 2063 1975 mu·

239 2036 393 2116 tarent3
418 2027 488 2102 illa
506 2028 625 2128 plana
654 2051 734 2105 non
759 2030 996 2104 sensibiliter
1025 2030 1313 2122 eoineiderent‚
1337 2052 1456 2128 quam
1485 2052 1559 2129 per
1580 2029 1717 2106 brevia
1735 2026 1924 2126 temporis
1944 2027 2065 2101 inter·

238 2154 355 2229 ralla.
401 2154 479 2229 Hie
494 2177 542 2228 ns
554 2153 683 2230 Penes
702 2154 1003 2249 animadvertit,
1028 2168 1168 2231 eontra
1190 2181 1342 2232 omnem
1360 2178 1443 2231 esse
1466 2154 1880 2244 verosimilitudinem‚
1896 2153 2063 2227 annulos

239 2280 282 2354 in
316 2278 389 2354 tali
416 2280 626 2356 intervallo
662 2292 841 2380 repertos
866 2283 1005 2372 fnisse;
1039 2283 1374 2358 verosimillimum
1403 2289 1557 2373 autem,
1590 2302 1747 2357 oausam
1774 2278 1931 2371 adesse,
1960 2302 2064 2375 quae

234 2407 310 2481 bos
341 2405 507 2483 annulos
539 2409 624 2482 fere
663 2408 706 2482 in
745 2428 870 2481 unum
909 2408 1091 2504 idemque
1133 2409 1302 2483 retineat
1325 2407 1510 2507 planum,
1548 2427 1789 2504 quamquam
1830 2403 1924 2478 solis
1958 2403 2063 2477 aetio

239 2533 428 2608 eontinuo
458 2555 525 2606 eos
556 2532 649 2606 hine
667 2555 869 2609 removere
894 2544 1072 2609 sonetur.
1129 2532 1187 2610 Ls
1220 2533 1350 2609 Peren
1384 2533 1426 2606 in
1458 2530 1669 2629 gravitatis
1703 2528 1880 2639 thapriae
1901 2536 2065 2617 eventu,

237 2660 281 2734 in
312 2682 382 2734 sua
415 2658 589 2735 Pteme
619 2659 671 2732 de
709 2660 903 2735 danueau
938 2660 990 2733 de
1028 2659 1215 2739 Saturae
1243 2662 1295 2760 (2)
1331 2682 1402 2733 nos
1434 2656 1592 2748 docuit,
1638 2655 1748 2737 illem
1790 2676 1946 2733 eausam
1984 2675 2066 2726 esse

239 2784 402 2859 Saturni
432 2783 677 2884 sphaeroidis
707 2786 1088 2884 complanationem,
1123 2809 1226 2883 quae
1257 2787 1450 2885 originem
1479 2785 1625 2874 habet,
1659 2783 1702 2857 in
1736 2782 1855 2880 hujus
1888 2781 2066 2881 planetae

242 2910 350 3017 eirea
366 2933 476 2986 axem
491 2932 608 2986 suum
625 2911 742 2987 aeleri
758 2912 966 2986 rotationis
984 2921 1119 3000 motu;
1145 2913 1217 3009 qui
1237 2918 1367 2986 motus
1378 2914 1429 2986 ab
1452 2911 1703 2987 Hnascnnmo
1724 2904 1979 2984 confirmatus
1997 2920 2067 2987 est.

291 3035 474 3112 Ostendit
493 3037 687 3135 unalysis‚
711 3034 843 3133 quod,
868 3038 1205 3139 si{supponamus‚
1229 3038 1395 3112 annrdos
1417 3058 1563 3136 parum
1582 3036 1636 3110 ad
1652 3034 1814 3110 Saturni
1841 3038 2066 3133 aequaturis

237 3161 401 3261 planum
423 3162 636 3253 inclinare,
661 3160 840 3261 planetae
859 3162 1120 3262 complanatio
1140 3188 1206 3240 eos
1228 3186 1381 3263 semper
1408 3160 1491 3237 iere
1513 3159 1557 3238 in
1572 3161 1674 3235 illud
1692 3161 1856 3260 planum
1877 3164 2065 3254 retineat,

241 3312 267 3361 a
287 3311 367 3386 quo
398 3288 492 3363 solis
523 3289 627 3363 aetio
654 3311 720 3364 eos
753 3300 922 3366 eonaun
944 3314 1156 3367 removere.
1213 3290 1362 3365 Eodem
1387 3300 1584 3388 tempore,
1610 3311 1691 3387 quo
1716 3287 1760 3362 hi
1791 3287 1930 3363 annuli
1960 3290 2068 3364 eirea

242 3421 379 3489 eentra
406 3435 478 3488 sua
498 3415 707 3512 grauitatis
729 3423 938 3508 rotantur,
972 3414 1044 3491 illa
1064 3426 1201 3493 eentra
1231 3441 1272 3492 se
1298 3418 1449 3492 eireum
1475 3412 1655 3519 planetae
1686 3423 1866 3492 eentrum
1898 3426 2067 3492 movent.

241 3539 346 3616 Hine
375 3539 420 3617 in
452 3541 547 3637 ipsis
569 3543 781 3641 planomm
819 3541 1057 3619 annulorum
1085 3545 1226 3619 sitibus
1256 3543 1427 3633 mutuis,
1469 3551 1683 3642 perpetuae
1726 3544 1916 3618 oriuntur
1940 3544 2069 3619 uaria·

181 3699 183 3702 ⁴
242 3666 389 3758 tiones,
414 3688 516 3764 quae
549 3668 592 3743 in
612 3669 747 3760 modo,
772 3691 854 3768 quo
878 3693 904 3744 a
933 3670 1014 3745 sole
1048 3670 1156 3746 eirea
1187 3694 1276 3745 suas
1303 3667 1570 3768 apparitiones
1598 3662 1954 3767 disparitionesqne
1976 3666 2068 3744 illu-

244 3793 470 3886 minentur,
503 3805 624 3892 atque
652 3797 695 3869 in
722 3819 793 3887 eo,
826 3819 908 3893 quo
943 3819 985 3869 se
1019 3795 1265 3872 observatori
1309 3790 1542 3885 ostendunt,
1574 3792 1802 3868 discrimine
1838 3794 2069 3895 proferunt,

244 3916 431 4013 idoneae,
454 3924 667 4021 exquibus
698 3919 898 3997 mirabilia
930 3921 1197 4019 phaenomena
1229 3922 1496 4022 explieentur‚
1521 3942 1623 4019 quae
1652 3942 1934 4016 nonuunquam
1954 3920 1998 3993 in
2016 3921 2066 4009 iis

247 4048 455 4122 observata
473 4048 570 4138 sint,
595 4046 667 4121 tali
696 4047 838 4139 modo,
861 4056 907 4123 ut
926 4048 1119 4147 contingit
1141 4050 1183 4125 in
1218 4051 1338 4125 nnius
1366 4070 1554 4121 ansarum
1582 4041 1841 4144 disparitione
1878 4053 1970 4118 ante
2008 4043 2066 4121 el·

246 4185 398 4273 teram,
431 4196 534 4271 quae
564 4171 716 4272 pergit,
752 4172 795 4248 in
824 4175 1052 4272 apparendo
1077 4176 1119 4250 in
1149 4175 1283 4250 eadem
1311 4170 1490 4274 planetae
1529 4181 1664 4271 parte,
1702 4192 1774 4269 par
1807 4192 1948 4263 unam,
1985 4195 2067 4247 ome
2169 4268 2174 4279 ¹

244 4300 418 4397 uinoque
448 4297 579 4375 varias
607 4296 817 4373 rotationis
846 4296 984 4373 annuli
1006 4297 1202 4398 periodos.
1252 4293 1457 4397 Ejusmodi
1488 4317 1646 4393 quoque
1672 4302 1764 4367 sunt
1791 4305 1939 4393 puncta
1968 4294 2067 4373 luei-

246 4425 322 4516 da,
349 4448 451 4523 quae
477 4422 695 4499 immobilia
723 4420 927 4517 videntur,
952 4450 1131 4527 quaeque
1160 4424 1370 4503 nonnullos
1399 4422 1673 4503 observatores
1694 4442 1741 4497 eo
1773 4420 1993 4513 duxerim,
2018 4430 2065 4501 ut

94 4590 100 4603 ·
247 4548 299 4665 de
319 4550 559 4665 annulorum
578 4548 774 4625 rotatione
793 4549 1037 4631 dubitarent.

295 4903 345 4993 (1)
369 4904 579 4997 Mdaaaique
599 4904 751 4988 celeste,
774 4904 866 4981 Tem.
887 4908 928 4982 V.
956 4910 1028 4982 Lir.
1047 4906 1137 4980 xlv,
1168 4906 1272 5002 chop.
1294 4906 1357 4981 Ill.
1387 4933 1459 5003 pag.
1483 4909 1560 4983 290.

295 5013 345 5103 (2)
370 5014 477 5088 Mena.
497 5016 541 5084 de
557 5016 699 5089 mad.
717 5021 838 5108 royale
854 5020 915 5088 dee
938 5020 1125 5105 Scirum,
1148 5020 1248 5086 mute
1269 5022 1367 5093 1787.
