4970 6164
1190 474 1504 564 meet„

445 670 618 760 annulis3
642 672 852 749 intemalla
873 681 1005 749 tamen
1026 671 1305 770 plerorumque
1325 678 1407 744 tarn
1435 676 1601 766 sumta
1621 678 1767 759 essent,
1791 678 1840 745 ut
1856 668 2257 749 valentibustelem
2285 710 2290 719 ·

443 800 521 899 piis
541 799 641 874 duos
656 806 809 872 antam
833 797 998 875 annulos
1019 798 1194 873 diversos
1210 797 1432 870 discernere
1444 817 1652 891 queamus,
1677 795 1748 892 qui
1770 806 1938 894 propter
1958 797 2257 881 irradiationem

442 947 518 1024 per
542 926 671 1002 miuus
698 925 824 999 fortes
853 923 1081 1020 telesoopios
1114 921 1157 997 in
1186 944 1309 999 unum
1332 920 1549 997 coalescant
1579 922 1792 997 annulum.-
1827 922 1933 998 lllud
1965 924 2103 998 eodem
2118 927 2259 1019 modo,

440 1051 552 1150 quod
573 1051 628 1124 ad
643 1050 754 1127 lovis
780 1051 965 1125 satellites
983 1050 1145 1139 attinet,
1171 1048 1390 1137 obtineret,
1416 1046 1450 1121 si
1472 1048 1638 1145 quisque
1657 1049 1808 1124 satelles
1828 1049 1872 1125 in
1890 1073 1965 1123 suo
1986 1050 2149 1147 vestigio
2168 1074 2260 1131 cons

444 1178 600 1253 tinuum
617 1177 857 1274 relinqueret
879 1176 1030 1263 lumen;
1056 1198 1134 1273 quo
1160 1173 1296 1263 fieret,
1320 1182 1367 1245 ut
1384 1172 1445 1249 illi
1467 1172 1523 1245 sic
1539 1172 1656 1248 divisi
1674 1177 1831 1267 annuli,
1856 1185 1961 1251 utet
1988 1176 2064 1251 bae
2079 1177 2258 1270 orbitae,

443 1304 621 1379 diverses
634 1301 902 1377 inclinationes
920 1301 971 1375 ad
996 1310 1247 1398 aequatorem
1270 1298 1452 1396 planctae
1474 1298 1685 1387 heberent3
1710 1324 1848 1377 coruus
1878 1302 2149 1379 inclinationes
2170 1326 2258 1379 suo·

443 1453 614 1528 rumque
640 1428 836 1503 nodorum
866 1428 966 1501 situs
1001 1450 1097 1525 ergo
1131 1428 1175 1502 in
1202 1425 1291 1523 plus
1319 1426 1381 1499 vel
1396 1425 1538 1503 minus
1556 1426 1753 1522 longiores
1775 1437 2028 1503 mutarentur
2049 1429 2257 1524 periodos,

444 1579 546 1653 quae
582 1555 797 1628 necessario
831 1552 966 1651 plures
993 1553 1348 1651 complecterentur
1381 1575 1520 1640 annos3
1553 1551 1769 1631 identidem
1797 1575 1935 1630 eorum
1955 1563 2091 1630 centra
2108 1553 2257 1629 oircum

445 1679 545 1755 illud
566 1678 728 1753 Saturni
749 1678 1049 1767 actitarentur-3
1072 1702 1152 1777 quo
1165 1700 1357 1774 apparens
1380 1678 1510 1774 figure
1534 1678 1679 1755 horum
1701 1678 1938 1761 aemulorum
1964 1678 2081 1753 simul
2103 1682 2262 1757 variare

444 1806 616 1880 deberet.
666 1803 889 1880 Rotationis
911 1816 1045 1878 motus·
1070 1822 1150 1878 non
1180 1802 1392 1878 visibiliter
1407 1804 1509 1876 bano
1526 1804 1695 1901 figuram
1715 1814 1905 1893 mutaret3
1930 1806 2115 1900 quoniam
2138 1829 2185 1880 eo
2201 1808 2263 1889 nil

442 1932 554 2006 aliud
576 1930 818 2023 efficeretur,
843 1954 963 2028 quam
979 1940 1026 2004 ut
1044 1930 1172 2008 ultera
1194 1928 1325 2005 lumen
1347 1930 1534 2027 praebens
1556 1952 1649 2027 pars
1668 1950 1758 2005 curn
1775 1930 1903 2007 attere
1923 1940 2257 2024 commutaretur,

443 2056 606 2155 quaein
629 2056 763 2130 eodem
784 2057 860 2131 sita
882 2067 940 2132 est
964 2058 1094 2155 plano.
1142 2055 1270 2150 Atque
1289 2054 1406 2128 valde
1420 2055 1627 2154 probabile
1639 2064 1726 2146 est,
1750 2055 1881 2153 inquit
1904 2078 1949 2129 ιι
1971 2059 2120 2147 Pctus,
2144 2059 2260 2157 place,-

442 2200 613 2259 nomena
633 2204 660 2253 e
683 2181 913 2258 Scunbrmo
935 2183 1162 2270 observata,
1185 2179 1329 2257 talibus
1360 2203 1442 2257 esse
1469 2182 1754 2263 variationibus
1781 2181 2052 2258 adscribenda.
2097 2182 2139 2257 Si
2156 2186 2261 2261 enim

443 2330 568 2381 unum
597 2307 659 2380 vel
685 2307 857 2384 alterum
880 2316 978 2379 esset
995 2306 1260 2378 illuminatum
1290 2314 1500 2402 punctum,
1533 2306 1656 2403 quod·
1669 2306 1743 2382 uni
1764 2304 1994 2406 partialium
2023 2310 2261 2400 etmalorum

443 2434 614 2509 tirmiter
630 2433 884 2524 adhaereret,
909 2453 1060 2505 necesse
1078 2440 1194 2519 esset,
1222 2439 1269 2503 ut
1290 2430 1366 2504 hoc
1386 2442 1576 2526 punctum
1595 2455 1718 2529 aeque
1730 2432 1812 2507 cito
1830 2454 1871 2505 se
1891 2443 2086 2520 moveret,
2108 2460 2158 2512 ao
2175 2438 2260 2537 ipse

444 2558 631 2642 annulus,
662 2559 874 2656 paucisque
895 2557 1008 2633 boris
1042 2556 1161 2631 situm
1191 2577 1305 2629 suum
1328 2566 1484 2651 mutere
1512 2557 1716 2636 videretiu
1776 2555 1891 2638 Unde
1918 2560 2098 2659 sequitur
2112 2576 2264 2663 puneta

443 2685 497 2759 ab
518 2683 993 2760 numerosissima
1013 2682 1129 2757 valde
1154 2681 1414 2779 probabiliter
1435 2682 1555 2780 hujus
1575 2683 1695 2760 fuisse
1713 2692 1891 2763 saumae.
2254 2734 2257 2743 ·

446 2892 455 2907 ‚
496 2809 571 2885 llic
585 2811 750 2908 insuper
761 2810 908 2886 addere
929 2831 1153 2908 possumus,
1180 2805 1294 2882 valde
1313 2808 1474 2904 quidem
1488 2810 1708 2887 verosimile
1725 2831 1807 2884 esse
1827 2835 1960 2910 posse,
1983 2834 2059 2912 per
2081 2817 2262 2916 exiguam

441 2936 498 3011 ad
511 2958 551 3010 se
566 2936 737 3011 invicem
751 2936 917 3012 annulos
935 2936 1081 3012 habere
1101 2933 1414 3026 inclinationem,
1437 2959 1540 3033 quae
1559 2935 1676 3014 nimis
1694 2958 1820 3035 parve
1833 2948 1919 3031 est,
1942 2962 2060 3036 quan
2073 2952 2120 3021 ut
2136 2944 2266 3027 latera

443 3062 580 3138 annuli
609 3061 734 3171 plano.
759 3063 1013 3151 observenu,
1047 3060 1158 3157 quod
1187 3059 1291 3137 latus
1310 3060 1476 3158 planum
1500 3064 1612 3142 nobis
1640 3073 1745 3145 tono.
1758 3063 1916 3141 vitem
1943 3068 2102 3145 omnino
2118 3092 2261 3169 acqua-

443 3188 634 3276 bileesse;
660 3188 757 3264 dum
778 3199 940 3280 contra,
966 3187 1124 3286 quando
1141 3186 1331 3260 annulum
1348 3211 1373 3261 a
1394 3191 1571 3287 margine
1590 3213 1660 3264 suo
1676 3200 1843 3287 angusto
1862 3190 2119 3290 adspicimus,
2137 3221 2260 3279 annu.

443 3315 508 3390 lus
529 3314 710 3412 partialis
740 3315 842 3388 alter
861 3337 984 3412 supra
999 3313 1169 3386 alterum
1189 3312 1395 3410 paululum
1417 3314 1602 3405 emineat3
1626 3316 1806 3412 illudque
1821 3317 1949 3414 ipsum
1970 3343 2052 3395 csse
2069 3336 2261 3422 punctum

447 3441 640 3532 eminens,
676 3440 785 3536 quod
817 3439 1019 3514 Sonndrnn
1061 3438 1221 3536 ejusque
1254 3440 1570 3514 coiibservatores
1609 3464 1762 3540 semper
1794 3453 2096 3546 constanterque
2125 3452 2259 3525 eodem

446 3565 537 3642 loco
567 3566 773 3656 viderent,
805 3566 1022 3661 videreque
1051 3563 1255 3652 deberent3
1291 3564 1477 3661 quoniam
1505 3590 1579 3665 per
1608 3568 1746 3644 annuli
1773 3570 2008 3651 rotationem
2031 3577 2259 3653 universum

445 3691 582 3779 annuli
601 3692 763 3788 planum
784 3689 995 3763 relativum
1015 3711 1128 3761 suum
1152 3689 1271 3764 situm
1291 3690 1509 3784 retinebat,
1532 3715 1614 3790 quo
1643 3694 1785 3786 fiebat,
1808 3706 1856 3770 ut
1882 3699 1979 3773 talia
1998 3700 2261 3798 phaenomena

445 3838 599 3916 semper
621 3816 757 3890 eadem
787 3816 1002 3891 necessario
1031 3824 1245 3890 manerent.
1293 3814 1358 3889 lta
1387 3819 1548 3916 quidem
1569 3821 1781 3896 seeundum
1800 3821 1902 3899 banc
1927 3826 2122 3901 theoriam
2155 3827 2260 3903 duae

445 3943 536 4032 illac
561 3943 805 4018 illuminatae
836 3940 1012 4017 maculae
1039 3940 1083 4013 iu
1104 3939 1238 4015 eadem
1264 3954 1381 4039 parte
1417 3944 1576 4022 Saturni
1595 3947 1646 4019 ab
1667 3947 1718 4020 iis
1735 3948 1981 4044 observatae,
2005 3953 2263 4050 suspicionem

447 4070 636 4148 iuducere
656 4076 836 4167 possent,
860 4068 903 4142 in
928 4066 1063 4166 plures
1084 4066 1252 4142 annulos.
1275 4067 1465 4145 annulum
1491 4092 1572 4145 esse
1605 4070 1771 4148 divismn
1786 4128 1800 4166 ,
1823 4076 1952 4174 quod,
1983 4089 2172 4154 utentes
2204 4083 2262 4155 ri·

444 4195 603 4284 dimus,
637 4194 841 4292 probabile
864 4203 935 4269 est.

1319 4384 1353 4488 s.
1392 4392 1449 4467 ro.

445 4610 452 4645 1
499 4583 719 4662 seeundum
736 4579 965 4657 Ouenasrnu
986 4609 1065 4662 non
1087 4604 1237 4661 necesse
1254 4596 1332 4677 est,
1356 4596 1403 4660 ut
1421 4586 1514 4673 illa,
1536 4610 1697 4686 quaese
1718 4593 1831 4670 nobis
1858 4616 1907 4668 eo
1925 4594 2015 4672 loeo
2035 4599 2262 4695 ostenrhut,

450 4721 497 4789 ut
524 4709 787 4809 prominentia
818 4706 952 4784 lucida
989 4719 1151 4806 punctu,
1185 4710 1263 4784 sint
1298 4712 1483 4787 notabilis
1516 4717 1739 4811 apparentis
1773 4722 2055 4819 magnitudinis
2089 4725 2262 4821 objecta,¹

443 4833 573 4932 'equum
592 4835 753 4934 quidem
771 4833 889 4908 ctiam
911 4829 1050 4905 annuli
1069 4853 1149 4907 csse
1172 4847 1337 4931 possunt
1358 4847 1514 4936 partes,
1538 4861 1642 4936 quae
1669 4843 1795 4920 multo
1813 4846 2006 4923 vividione
2023 4848 2111 4923 luce
2128 4849 2267 4927 cordos

453 4969 610 5037 nostros
636 4958 828 5049 afficiant,
862 4964 983 5055 etque
1004 4956 1063 5032 ita
1094 4956 1208 5034 nobis
1231 4982 1273 5036 se
1293 4960 1461 5061 majores
1483 4972 1724 5062 monstrent,
1748 4968 1841 5048 licet
1872 4994 1952 5050 non
1989 4971 2099 5048 ultra
2125 4972 2264 5047 lautu.
