4970 6164
934 536 1126 619 -217
1171 576 1242 598 --

804 764 820 810 1
870 736 920 811 60
1066 765 1082 811 1
1203 732 1356 827 ’7,908,
1418 762 1422 771 “

799 887 817 934 1
867 858 917 937 70
1062 889 1078 936 1
1197 857 1349 950 7,793,
1528 880 1530 885 ·

796 1014 813 1059 1
862 987 912 1061 80
1060 1008 1076 1054 1
1195 977 1345 1070 7,7Ι7,

790 1135 806 1181 1
856 1111 906 1186 90
1052 1134 1072 1174 s
1192 1105 1349 1199 7‚690‚

189 1310 193 1317 ·
237 1271 427 1369 lleinoeps
454 1268 497 1343 hi
524 1268 629 1346 radii
649 1277 824 1345 restores
845 1268 1187 1367 deoomponuntur
1215 1271 1258 1342 in
1279 1270 1434 1345 duabus
1464 1270 1725 1362 ootrdinatis,
1751 1295 1921 1368 quarum
1955 1276 2010 1349 al·

188 1407 315 1471 teram
337 1422 370 1472 a
391 1397 433 1469 in
452 1395 678 1492 aequatoris
700 1395 839 1493 plano,
865 1396 1028 1472 alteram
1046 1423 1074 1496 y
1093 1398 1475 1496 perpendiculariter
1491 1399 1534 1470 in
1553 1420 1600 1469 eo
1624 1406 1792 1470 areolam
1811 1409 1888 1490 est,
1913 1375 2010 1475 tune

186 1522 345 1619 quando
375 1521 482 1597 radii
513 1527 687 1615 quatuor
723 1519 948 1616 marginum
977 1521 1240 1612 annulorum,
1269 1523 1338 1619 qui
1369 1522 1434 1596 hio
1466 1522 1508 1594 in
1539 1544 1697 1594 oensnm
1722 1522 1905 1615 veniunt,
1937 1549 2009 1623 per

187 1643 561 1738 lt,‚1t,‚u,‚u„
599 1655 900 1742 proponuntur,
925 1646 1112 1720 habemus
1137 1646 1246 1742 quod
1273 1643 1326 1717 ad
1361 1653 1615 1742 apparentem
1648 1645 1949 1723 declinationem
1976 1661 2006 1745 φ

184 1771 327 1849 horum
343 1780 519 1869 quatuor
540 1771 786 1867 marginum,
812 1771 988 1845 visorum
1007 1794 1030 1845 e
1050 1772 1257 1870 superlioie
1279 1770 1461 1863 Saturni,
1486 1779 1710 1868 sequentem
1729 1772 1903 1847 valorem

780 1992 892 2085 tang.
917 1993 979 2083 φη
1004 2013 1049 2057 =
1074 1946 1253 2125 Ι-ὶέέ-ω.

227 2210 334 2308 Quia
353 2232 485 2285 omnes
500 2206 636 2283 annirli
652 2217 847 2309 putantur
859 2209 927 2284 siti
946 2232 1030 2286 esse
1046 2213 1089 2287 in
1108 2210 1334 2309 aequatoris
1353 2206 1513 2281 Saturni
1532 2208 1671 2306 plano,
1696 2210 1894 2306 pertinent
1913 2212 2004 2286 illae

180 2346 414 2439 apparentes
441 2333 718 2408 declinationes
746 2332 911 2431 proprie
939 2336 990 2409 ad
1018 2336 1311 2433 parallaxarum
1339 2331 1529 2405 ordinem.
1579 2332 1647 2405 llli
1666 2334 1848 2427 paralleli
1868 2338 2004 2432 sphae-

103 2526 109 2539 .
178 2458 445 2543 mestum,
472 2460 616 2555 quibus
637 2468 667 2551 φ
691 2457 738 2531 fit
765 2459 995 2548 maximum,
1022 2467 1114 2531 sunt
1140 2456 1256 2530 simu
1284 2455 1338 2542 ii,
1374 2454 1446 2549 qui
1473 2454 1617 2529 limitas
1652 2458 1916 2549 visibilitatis,
1938 2480 2003 2535 eo·

178 2603 271 2659 rum
293 2605 413 2678 quam
433 2582 601 2657 diximus
621 2581 845 2679 marginum
879 2580 1119 2655 annulorum
1150 2588 1394 2675 proponunt.
1444 2577 1574 2676 Quum
1606 2600 1702 2676 ergo
1730 2578 2001 2660 denotabimus

175 2703 375 2801 margines
392 2705 629 2780 annulorum
653 2726 678 2775 a
699 2712 814 2799 parte
832 2703 1027 2776 exteriore
1047 2702 1098 2775 ad
1123 2715 1278 2799 partem
1300 2704 1553 2796 1111τί01611,
1577 2714 1674 2778 tirno
1699 2705 1872 2780 formula
1888 2730 2002 2803 prae·

175 2828 245 2901 bet
265 2842 466 2925 sequentes
482 2828 756 2928 parallaotieas
779 2822 1075 2901 declinationes:
1133 2828 1141 2843 '

254 3109 264 3128 ·
448 3022 589 3121 Margo
609 3022 783 3097 exterior
846 3017 984 3119 Margo
1006 3019 1176 3097 interior
1239 3024 1383 3121 Margo
1404 3023 1577 3098 exterior
1641 3023 1781 3122 Margo
1804 3025 1974 3098 interior

176 3108 377 3189 Latum
423 3150 560 3225 annuli
589 3145 802 3221 exterioris.
827 3146 964 3221 ermuli
981 3145 1200 3220 exterioris.
1225 3148 1362 3222 annuli
1380 3148 1599 3223 interioris,
1626 3146 1761 3220 annuli
1780 3149 1994 3223 interioris.

335 3307 377 3379 oo
544 3290 583 3383 o'
623 3304 658 3384 o‘
940 3309 977 3383 o
1023 3302 1059 3382 o‘
1334 3313 1371 3385 r
1416 3311 1452 3383 o
1733 3310 1770 3382 o
1814 3312 1849 3383 o‘

315 3431 363 3504 10
545 3438 570 3509 5
601 3434 650 3508 26
939 3432 963 3509 7
1002 3434 1047 3506 12
1334 3440 1357 3512 7
1394 3436 1442 3508 32
1710 3437 1757 3508 13
1792 3437 1838 3509 21

312 3556 362 3630 20
521 3561 654 3633 1123
916 3561 1047 3633 1312
1132 3624 1138 3637 ,
1314 3558 1442 3634 1117
1705 3559 1755 3632 23
1790 3560 1838 3634 59

312 3680 362 3754 36
521 3684 568 3759 16
627 3678 653 3754 9
917 3685 963 3758 19
1022 3683 1047 3755 9
1311 3684 1358 3756 19
1397 3682 1444 3757 13
1707 3682 1753 3756 31
1818 3688 1838 3758 1

313 3805 362 3877 to
523 3810 569 3883 19
601 3804 651 3878 33
912 3806 962 3879 22
996 3808 1046 3881 to
1308 3806 1358 3878 23
1391 3806 1441 3885 37
1706 3809 1755 3882 31
1790 3808 1839 3885 57

312 3931 362 4004 to
517 3930 565 4005 21
602 3932 651 4005 55
914 3931 963 4005 25
1000 3933 1047 4005 13
1306 3934 1356 4007 25
1390 3935 1438 4007 59
1701 3933 1750 4005 36
1786 3933 1836 4005 36

190 4078 194 4083 ·
314 4053 364 4127 60
519 4055 570 4129 23
626 4055 651 4127 9
913 4052 1045 4129 2617
1305 4060 1355 4133 26
1391 4061 1439 4133 59
1688 4053 1847 4153 (3612)

313 4176 362 4254 70
501 4175 564 4274 (23
596 4178 659 4275 21)
900 4173 1056 4274 (2611)
1294 4179 1356 4276 (26
1388 4179 1450 4276 50)
1685 4176 1749 4272 (35
1804 4180 1855 4275 0).

195 4460 199 4468 .
221 4359 299 4435 Per
319 4356 657 4453 interpolationem
677 4355 783 4430 inter
803 4358 875 4433 has
894 4358 1012 4432 series
1030 4360 1314 4435 nanciscimur:

217 4533 402 4608 Limitem
425 4527 665 4604 visibilitatis
689 4531 858 4628 margini
876 4532 1061 4606 exteriori
1080 4533 1217 4607 annuli
1236 4533 1461 4625 exterioris,
1479 4529 1691 4605 latitudine
1710 4529 1852 4606 66036'.

316 4687 333 4730 1
529 4681 545 4725 1
753 4682 769 4728 1
867 4655 1050 4731 interiori
1123 4689 1139 4733 1
1337 4688 1353 4732 1
1572 4683 1588 4729 1
1711 4655 1772 4729 63⁰
1782 4654 1854 4729 37'.

313 4811 331 4855 1
522 4809 542 4855 1
747 4806 763 4852 1
861 4781 1046 4855 exteriori
1117 4810 1133 4856 1
1233 4779 1435 4858 interioris
1573 4806 1588 4851 1
1710 4778 1852 4854 62571

315 4932 331 4980 1
529 4932 545 4980 1
753 4933 769 4979 1
867 4904 1050 4979 interiori
1123 4934 1142 4978 1
1334 4932 1350 4979 1
1571 4927 1587 4971 1
1705 4900 1850 4975 5323.

215 5101 279 5176 lta
297 5111 363 5193 ut,
386 5098 596 5179 seeundum
614 5102 716 5179 hano
737 5101 1088 5202 computationem,
1113 5110 1224 5176 extra
1238 5099 1381 5177 limites
1409 5102 1470 5177 66
1481 5094 1539 5173 36
1566 5095 1789 5171 latitudinis
1812 5098 1981 5177 borealis

96 5340 99 5345 st
163 5226 489 5327 australisquein
510 5227 681 5307 Saturno
704 5250 754 5304 ne
769 5227 1008 5309 mutilorum
1026 5227 1192 5304 minima
1212 5226 1373 5328 quidem
1390 5220 1590 5325 partieula
1609 5220 1781 5322 oonspioi
1802 5233 1931 5322 queat.
