4970 6164
970 524 1288 606 ..235-

212 728 267 803 ad
282 725 463 828 planetae
480 730 672 799 centmm.
721 718 780 797 Er
803 719 876 796 illa
888 718 1098 797 'celeritate
1113 720 1292 800 Klarios
1321 718 1462 798 definit
1479 722 1660 823 planetae
1680 724 1917 805 rotationem
1942 732 2052 808 circa

213 877 345 944 arem,
376 873 493 926 suum
516 859 690 923 statuens
710 848 888 947 partium
911 846 956 922 in
989 858 1206 947 aequatore
1233 849 1476 924 celeritatem
1507 851 1545 925 ei
1576 851 1762 946 similem,
1788 865 1909 953 atque
1935 867 2054 946 tunc.

213 982 332 1057 nnius
353 978 566 1053 satellitum
588 997 685 1073 ope,
712 975 822 1073 quod
841 974 895 1048 ad
915 998 1002 1048 eam
1024 978 1189 1068 attinet,
1214 976 1385 1068 invenit,
1411 970 1449 1053 tih
1467 979 1527 1052 23‘
1546 980 1628 1054 53‘2
1678 982 1804 1055 Porro
1823 982 1909 1056 vult
1930 1006 2053 1059 annu-

211 1105 295 1180 lum
318 1127 365 1179 ex
396 1104 520 1178 variis
547 1103 805 1177 concentrieis
833 1102 991 1177 annulis
1011 1125 1093 1176 esse
1120 1103 1405 1201 compositum,
1430 1101 1502 1199 qui
1520 1125 1682 1194 omnes,
1706 1106 1918 1183 seeundum
1949 1112 2054 1187 ltm-

211 1254 303 1309 nmu
320 1230 448 1329 leges,
473 1230 606 1305 varias
627 1230 798 1304 habeant
813 1229 1073 1304 revolutionis
1088 1228 1294 1327 periodos,
1320 1251 1401 1326 quo
1421 1228 1511 1318 fiat,
1530 1238 1578 1302 ut
1587 1230 1803 1308 exteriores
1819 1235 1973 1312 tardius
1992 1240 2052 1313 in·

213 1360 433 1434 terioribus
469 1366 668 1431 retentur.
726 1354 837 1453 Quae
865 1355 1008 1430 ultima
1043 1356 1257 1447 sententia,
1282 1365 1330 1429 ut
1363 1354 1559 1448 vidimus,
1577 1354 1665 1454 jam
1691 1359 1817 1456 magis
1848 1364 2053 1461 magisque

210 1484 441 1562 confirmari
464 1482 616 1581 incipit.
666 1480 784 1579 Apud
806 1491 958 1557 ceteros
985 1482 1163 1582 planetas
1199 1482 1415 1556 secundum
1449 1482 1574 1579 ipsius
1604 1485 1835 1559 seutentiam
1860 1488 1954 1563 tulis
1973 1513 2053 1566 non

208 1613 389 1712 potuerit
411 1611 577 1685 existere
599 1608 791 1698 annulus,
817 1610 1006 1705 quoniam
1036 1608 1238 1699 altitudo,
1263 1630 1344 1704 qua
1365 1617 1499 1706 partes
1522 1609 1576 1682 ad
1605 1610 1783 1707 planetas
1808 1614 1951 1690 eadere
1972 1639 2052 1692 oes-

209 1749 320 1830 sant,
345 1740 384 1812 h.
404 1760 438 1811 e.
465 1737 536 1811 nbi
556 1737 615 1825 vis
634 1734 859 1832 centrilugu
886 1735 927 1809 ri
947 1736 1157 1834 gravitatis
1189 1734 1368 1831 aequalis
1394 1734 1464 1825 sit,
1490 1735 1600 1833 apud
1622 1743 1774 1814 ceteros
1796 1740 1974 1838 planetas
1993 1745 2053 1817 ni·

208 1866 290 1942 mia
310 1873 392 1955 est,
417 1886 539 1962 quam
556 1873 604 1936 ut
628 1862 687 1937 ibi
701 1870 763 1935 tot
786 1871 943 1959 partes,
967 1872 1067 1959 quot
1086 1862 1140 1935 ad
1151 1860 1291 1935 annuli
1313 1860 1589 1935 formationem
1607 1864 1848 1939 neocesariae
1861 1878 1971 1958 sunt,
1996 1870 2050 1943 ad

207 1993 318 2066 iilam
349 2013 517 2088 surgere
549 1998 708 2089 possent
737 1989 1003 2062 altitudinem.
1060 1987 1207 2060 Annuli
1240 2007 1380 2082 nempe
1404 1984 1456 2059 ad
1491 1987 1691 2085 planetam
1711 1989 1903 2066 distantia
1923 2016 2052 2069 neces-

206 2118 314 2193 sario
346 2117 390 2190 in
409 2118 546 2193 eadem
576 2116 771 2194 relatione
791 2126 892 2190 esset
919 2115 973 2190 ad
999 2113 1181 2214 planetae
1204 2110 1562 2203 semidiametrum‚
1585 2137 1667 2211 qua
1698 2116 1876 2215 gravitas
1895 2122 1949 2196 ad
1969 2124 2048 2196 rim

205 2244 481 2342 centriiugam.
1831 2234 1834 2241 ⁴
2035 2266 2038 2271 ’

142 2412 147 2423 ·
254 2370 331 2447 cui
356 2368 575 2445 conditioni
595 2367 706 2465 quod
740 2367 793 2442 ad
824 2366 1040 2442 Saturnum
1073 2363 1314 2456 satisfiebat,
1339 2364 1529 2459 quoniam
1560 2364 1765 2441 interioris
1787 2372 1925 2446 annuli
1947 2397 2052 2449 mar·

204 2499 308 2598 ginis
334 2496 564 2571 distantiam
597 2494 650 2569 ad
675 2494 856 2592 planetae
884 2503 1066 2567 centrum
1099 2500 1146 2564 ut
1181 2493 1206 2566 8
1239 2491 1467 2580 stowensi,
1504 2512 1628 2586 quum
1661 2495 1769 2589 quod
1801 2497 1855 2570 ad
1885 2499 2049 2577 Saturni

205 2625 540 2700 semidiametrum
575 2626 602 2699 5
631 2628 871 2710 assumeret,
896 2618 969 2716 qui
998 2616 1081 2692 duo
1109 2617 1268 2692 numeri
1293 2615 1391 2716 ipsi,
1426 2625 1474 2689 ut
1497 2614 1619 2707 dicit,
1654 2618 1798 2695 relatio
1826 2633 1915 2699 erat
1939 2626 2048 2704 inter

203 2751 439 2849 gravitatem
460 2756 500 2820 et
529 2748 608 2822 tim
626 2747 904 2843 centriiugam.

220 2924 225 2931 ·
253 2875 295 2951 st
322 2874 429 2949 hisce
444 2871 711 2946 fundamentis
732 2870 827 2945 Joti
856 2869 1027 2943 annulus
1055 2878 1175 2958 esset,
1200 2870 1405 2947 interioris
1431 2872 1517 2970 ejus
1543 2871 1735 2970 marginis
1751 2873 1964 2971 distantia,
1991 2882 2051 2957 di·

202 3000 368 3078 midiam
395 2995 509 3072 Jovis
539 2996 778 3071 diametrum
811 2995 939 3071 decies
966 2996 1129 3071 deberet
1164 3018 1371 3093 superare,
1396 3009 1517 3097 atque
1541 2996 1642 3077 adeo
1664 2998 1708 3071 in
1731 3000 1897 3076 maxime
1921 3027 2048 3082 remo·

202 3140 290 3204 tum
312 3126 521 3203 satellitem
541 3123 722 3215 caderet,
748 3122 817 3197 sed
844 3122 1001 3196 subtilis
1019 3122 1090 3196 illa
1117 3122 1287 3196 materia
1317 3146 1398 3198 non
1425 3134 1506 3198 tam
1538 3123 1620 3197 alte
1651 3135 1783 3221 posset
1815 3127 2046 3230 adsurgere.

204 3254 324 3355 Quod
349 3254 469 3328 etiam
501 3248 556 3323 ad
586 3260 734 3325 terram
763 3250 1000 3348 pertineret,
1025 3249 1059 3324 si
1082 3248 1273 3322 annulum
1298 3250 1613 3340 nancisceretur,
1639 3258 1734 3325 tune
1762 3253 1831 3326 ille
1855 3255 2047 3335 distantia

206 3380 279 3458 189
299 3379 682 3454 semrdiametrorum
706 3398 731 3450 a
750 3385 884 3466 terra,
909 3376 949 3449 h.
980 3397 1012 3448 e.
1036 3375 1251 3472 plusquam
1272 3388 1417 3472 quater
1438 3396 1529 3451 cnm
1550 3374 1718 3450 dimidio
1743 3376 1902 3478 longius
1925 3408 2046 3482 quum

203 3505 301 3579 luna
334 3503 532 3578 debuisset
566 3512 742 3578 remotus
774 3524 868 3579 esse.
918 3502 1048 3601 Atque
1070 3502 1143 3577 illa
1172 3503 1387 3598 enuntia,
1419 3512 1468 3578 ut
1497 3500 1674 3578 msonm
1703 3503 1838 3603 inquit
1867 3507 1939 3607 (l),
1965 3535 2046 3588 non

201 3630 390 3705 materiae
415 3629 511 3704 satis
535 3638 652 3721 esset,
677 3653 724 3706 ex
758 3652 839 3728 qua
867 3628 1039 3703 annulus
1068 3631 1328 3706 formaretur.
1377 3631 1427 3707 ln
1453 3627 1611 3706 tardius
1634 3651 1675 3703 se
1697 3643 1895 3710 moventes
1914 3635 2047 3736 plane·

201 3766 287 3848 tas,
311 3755 451 3831 annuli
475 3756 664 3833 formatio
684 3756 818 3834 adhuc
838 3755 970 3833 minus
991 3755 1081 3831 fieri
1102 3780 1215 3856 posse
1233 3757 1411 3857 ponitur.

1075 3946 1109 4052 a.
1144 3957 1182 4033 a.

228 4200 232 4205 -
252 4148 467 4249 Postquam
488 4152 698 4253 pulchrum
728 4149 867 4224 annuli
899 4148 1202 4248 descriptionem
1233 4149 1400 4226 dederat
1423 4148 1677 4228 hrraowms
1702 4148 1780 4251 (2),
1805 4172 2050 4234 memorave-

200 4288 347 4377 ratque
368 4279 422 4354 ad
444 4303 561 4380 quam
585 4279 729 4353 miram
753 4274 1004 4352 altitudinem
1023 4277 1066 4351 iu
1082 4300 1130 4353 eo
1155 4289 1308 4353 montes
1326 4279 1379 4353 ab
1402 4288 1576 4376 utraque
1605 4287 1745 4377 parte,
1770 4288 1883 4357 extra
1908 4286 2046 4362 annuli

202 4407 366 4505 planum
389 4409 606 4499 emineant,
630 4414 753 4503 etque
768 4424 882 4503 saepe
908 4403 985 4478 sibi
1015 4403 1091 4502 ipsi
1117 4406 1292 4505 oppositi
1321 4405 1400 4480 sint
1429 4406 1483 4481 ad
1502 4406 1779 4499 altitudinem,
1803 4408 1855 4482 ab
1872 4422 2045 4510 utroque

207 4533 332 4611 latero
352 4535 429 4609 201)
461 4534 695 4613 milliarium
727 4530 1105 4628 geographicomm,
1131 4532 1189 4606 ita
1217 4542 1265 4608 ut
1294 4555 1435 4606 eorum
1464 4534 1660 4609 verticum
1690 4533 1903 4611 distantiae
1928 4536 2062 4637 saepe'

202 4684 228 4734 a
257 4662 332 4737 500
363 4660 416 4734 ad
442 4664 516 4739 600
545 4657 734 4735 milliaria
768 4658 1032 4757 geographiae
1058 4656 1245 4750 afficiant,
1270 4659 1546 4760 planetamque
1573 4659 1820 4767 Mercurium
1855 4676 2042 4761 superent

198 4785 495 4885 magnitudine,
519 4786 641 4877 dicit,
666 4792 797 4860 tuntas
825 4805 971 4858 massas
1001 4807 1082 4861 non
1101 4784 1271 4884 amplius
1293 4785 1493 4862 habendas
1520 4810 1602 4863 esse
1625 4809 1703 4887 pro
1725 4789 1945 4886 montibus,
1970 4793 2043 4892 qui

200 4982 447 5011 dnn-unu·-

245 5113 295 5204 (1)
317 5112 490 5189 Finem,
513 5103 809 5195 deeikalireltes
830 5101 885 5171 W
885 5104 1087 5186 brterbucd,
1112 5104 1285 5176 Tcm.1V.
1314 5129 1388 5199 pag.
1410 5107 1488 5179 351.
1591 5054 1594 5060 Ι

244 5225 295 5313 (2)
319 5223 483 5290 hrruow
496 5268 506 5301 ,
530 5215 712 5309 Populum
727 5213 974 5295 latreuomie,
1000 5214 1061 5284 Th.
1083 5214 1128 5286 11.
1155 5213 1259 5284 lbet.
1279 5216 1314 5287 1.
1339 5240 1414 5309 pag,
1438 5221 1515 5289 144.

1623 5340 1684 5406 30*
