4978 6160
1242 540 1529 615 ..ῃ-

433 810 439 819 x
524 735 780 812 Transeamus
793 729 1030 809 adJotuueu
1047 728 1271 807 Barrxsrxu
1291 730 1555 823 Honmanxu,
1581 734 1672 830 qui,
1696 745 1741 809 nt
1758 734 1932 811 Iluemu
1954 732 2084 807 verbis
2106 741 2202 808 utar
2219 731 2289 831 (1),

481 864 543 944 »Ε
563 863 695 938 Sicilia
716 870 883 958 systema
914 881 1027 931 suum
1060 856 1286 931 Saturnium
1308 857 1360 931 ad
1381 880 1452 930 nos
1476 857 1594 932 misit.
1643 859 1721 935 Hic
1754 861 1858 935 cuim
1886 861 2105 935 ann01655
2131 869 2288 932 etauno

481 989 690 1086 »sequenti
711 997 873 1061 exeunte
895 983 1124 1058 orientalem
1153 982 1359 1081 globulum
1381 982 1536 1077 reliquo
1562 984 1754 1063 minorem
1774 987 1850 1061 sibi
1882 984 2108 1084 apparuisse
2128 985 2288 1076 scribit,

481 1139 635 1214 »quum
665 1125 796 1187 tamen
826 1111 959 1186 eodem
988 1121 1163 1209 tempore
1184 1108 1298 1184 nobis
1329 1109 1654 1206 inspectantibus,
1689 1114 1822 1188 eadem
1850 1114 2013 1208 utrique
2030 1112 2286 1208 magnitudo,

478 1243 669 1318 »claritas
691 1262 738 1312 uc
759 1239 887 1334 figura
920 1234 1102 1327 affuerit,
1127 1259 1206 1310 non
1228 1233 1386 1332 quidem
1420 1234 1677 1331 orbicularis,
1704 1240 1772 1314 sed
1794 1249 1903 1315 recta
1924 1238 1994 1312 illo
2017 1236 2060 1310 in
2075 1237 2289 1335 longitudi-

476 1391 595 1444 unem
614 1366 800 1461 utrinque
819 1387 844 1436 a
863 1362 1024 1436 Saturni
1043 1362 1151 1436 disco
1173 1358 1396 1457 procedens.
1409 1359 1432 1391 ’⁹

520 1491 728 1568 Afferenda
747 1510 905 1589 quoque
926 1488 1001 1562 hoc
1027 1486 1114 1561 loco
1142 1494 1233 1560 sunt
1256 1483 1376 1559 verba
1395 1483 1580 1562 Rxcctom
1602 1486 1673 1586 (2),
1699 1490 1770 1585 qui
1789 1491 1865 1564 ait:
1901 1487 2097 1563 »Joxuxes
2125 1485 2287 1560 Barma-

473 1642 553 1694 urs
579 1619 785 1692 Homerum
813 1615 961 1688 censuit
988 1614 1202 1687 Saturnum
1233 1611 1480 1709 spheroi'dem
1501 1611 1544 1685 in
1569 1614 1730 1688 medum
1758 1617 1844 1707 ori,
1870 1625 1941 1690 aut
1967 1615 2112 1713 pruni,
2138 1622 2176 1684 et
2204 1613 2287 1685 lon-

476 1773 494 1819 »
508 1745 658 1841 giorem
686 1743 929 1827 anux1xu03
954 1740 997 1813 in
1025 1759 1150 1835 eoque
1178 1737 1290 1812 binas
1320 1759 1400 1811 esse
1428 1738 1600 1813 maculas
1627 1738 1727 1815 lucis
1758 1751 1953 1842 expertes,
1989 1750 2037 1814 ut
2067 1741 2106 1813 in
2143 1740 2235 1839 Fig.
2261 1740 2286 1813 8

475 1880 578 1945 »aut
593 1875 628 1945 5.
678 1866 796 1941 Putat
815 1890 938 1964 porro
963 1863 1181 1936 Saturnum
1206 1864 1383 1939 conuerti
1412 1865 1518 1939 circa
1543 1864 1632 1937 axin
1666 1890 1803 1956 suum3
1828 1867 1962 1941 eadem
1989 1864 2179 1964 periodo,
2205 1889 2285 1961 qua

473 1996 644 2072 »statuit
663 1994 879 2082 Humerus,
904 1998 944 2063 et
962 1988 1178 2063 rotundum
1197 1998 1292 2063 tunc
1311 1988 1458 2080 rideri,
1483 2012 1573 2066 cum
1591 1990 1749 2089 longior
1772 1992 2016 2092 sphaeroidis
2037 1992 2119 2068 axis
2138 1992 2191 2065 ad
2213 2014 2285 2064 nos

470 2120 746 2218 »dirigatum”
796 2117 871 2191 Sed
894 2114 1097 2188 Huexmos
1117 2113 1202 2210 ejus
1219 2116 1447 2189 sententiam
1464 2116 1672 2207 refutavit,
1698 2119 1795 2193 dicit
1815 2119 1917 2193 enim
1954 2142 2073 2193 acum
2091 2118 2284 2192 Saturnus

469 2270 667 2347 »prorsus
694 2240 889 2318 rotundus
918 2247 1106 2337 appareat
1141 2239 1295 2334 quoties
1329 2239 1500 2313 brachiis
1530 2243 1702 2317 nudatus
1730 2255 1811 2338 est,
1846 2243 2043 2341 quomodo
2078 2244 2284 2343 explentur

470 2374 685 2459 rheumae,
711 2391 809 2466 quas
830 2391 855 2439 a
871 2365 1023 2439 duabus
1039 2364 1202 2439 maculis
1221 2365 1346 2461 nigris
1365 2365 1640 2462 superfuturas
1659 2369 1807 2445 fatetur
1823 2371 2063 2445 Homerus?
2110 2370 2160 2444 Et
2175 2381 2283 2445 recta

466 2497 659 2573 »omnino
676 2493 788 2568 nobis
804 2491 963 2566 ridetur
977 2491 1115 2567 haecce
1133 2490 1309 2566 Hucnun
1329 2490 1540 2580 refutatio,
1566 2512 1654 2564 nam
1678 2491 1711 2563 si
1737 2496 1827 2588 quis
1861 2517 1978 2568 ovum
2002 2495 2087 2567 istis
2118 2497 2282 2572 maculis

470 2620 783 2699 »circumvolvat
804 2617 910 2693 eirca
935 2639 1064 2707 axem,
1088 2616 1237 2692 videbit
1254 2616 1398 2692 multas
1423 2617 1562 2717 phasea
1589 2638 1781 2715 apparere
1807 2618 1924 2715 lenge
1952 2617 2126 2692 (liversas
2147 2625 2198 2696 ab
2218 2623 2281 2697 his

469 2771 600 2846 »quae
622 2747 663 2820 iu
686 2744 1110 2841 Saturnonpparent.”
1682 2774 1686 2779 ·

514 2872 644 2949 Verbo
679 2860 839 2975 qnoque
871 2868 1080 2943 dicendum
1109 2877 1168 2942 est
1190 2865 1239 2943 de
1265 2865 1418 2960 Zueeo,
1441 2867 1513 2965 qui
1546 2867 1716 2967 Neapoli
1750 2872 1797 2948 16
1816 2868 2000 2945 Januarii
2024 2869 2120 2946 1654
2144 2868 2281 2969 Satur-

464 2992 560 3074 num
583 2996 684 3071 vidit
709 2982 785 3093 (3),
809 3004 857 3068 ut
879 2992 921 3069 in
940 2995 1032 3096 leg.
1052 2997 1099 3072 21
1120 2995 1192 3069 tali
1216 2994 1365 3086 forma,
1390 3016 1494 3092 qnae
1514 2994 1564 3067 ab
1583 3016 1652 3086 ea,
1677 3018 1797 3092 quam
1813 2998 1914 3072 vidit
1934 2996 2173 3088 Rrocxoaus,
2198 3020 2279 3074 non

466 3123 626 3216 differt,
650 3121 727 3197 uisi
738 3120 1029 3220 magnitudine,
1053 3120 1161 3220 quod
1179 3121 1324 3219 majori
1343 3119 1543 3220 telescopli
1565 3119 1807 3217 longitudini
1827 3119 2083 3199 tribuendum
2106 3120 2276 3196 ridetur

1320 3340 1354 3443 ς.
1391 3346 1426 3420 e.

512 3548 591 3619 Par
611 3553 692 3637 cst,
717 3551 764 3617 ut
781 3562 904 3639 quum
927 3537 1155 3639 disputandi
1174 3538 1279 3613 ratio
1298 3561 1369 3613 nos
1396 3538 1450 3612 ad
1473 3537 1647 3612 omnium
1670 3563 1769 3637 quos
1793 3542 2124 3629 enumeravimus,
2149 3548 2274 3614 astro·

464 3691 672 3745 nemorum
692 3669 777 3765 ejus
800 3664 987 3765 temporis
1014 3665 1230 3765 principem
1266 3663 1482 3738 Hueamuu
1510 3664 1762 3763 perduxerit,
1787 3673 1835 3737 ut
1861 3666 1980 3762 paulo
2007 3663 2202 3762 copiosius
2222 3667 2272 3739 de

462 3818 510 3871 eo
534 3796 719 3870 dicamus.
777 3793 996 3881 Primum,
1028 3792 1155 3889 igitur
1189 3791 1425 3881 referemuS,
1462 3813 1562 3888 quae
1591 3791 1640 3864 de
1676 3789 1822 3863 annulo
1857 3789 2017 3865 Saturni
2049 3792 2272 3866 observarit

462 3921 691 4010 Huexmus3
715 3917 863 3993 dende
883 3916 1200 4015 explicationem,
1235 3940 1354 4013 quam
1386 3916 1469 4015 ipse
1492 3939 1653 3990 suarum
1680 3915 1993 3992 observationum
2025 3915 2154 4005 dedit3
2181 3938 2273 4015 poa-

465 4057 595 4121 tremo
611 4047 720 4120 litem
740 4044 957 4119 Hccmmm
979 4043 1084 4116 inter
1106 4052 1145 4115 et
1164 4040 1419 4118 Ensrxcnmu
1438 4063 1490 4117 ne
1510 4042 1678 4118 vamxs.

507 4170 713 4246 ansanus
736 4171 787 4272 (l)
810 4172 983 4270 primum
1015 4168 1264 4266 telesccpium
1295 4168 1497 4260 adhibuit,
1519 4169 1629 4266 quod
1655 4168 1853 4244 duodenos
1872 4162 1989 4265 pedes
2014 4187 2096 4240 non
2116 4166 2270 4241 excede-

464 4301 558 4388 bat,
583 4296 736 4369 duobus
773 4297 887 4370 vitris
918 4296 1096 4371 convexis
1127 4296 1362 4370 instructum
1387 4318 1559 4391 quorum
1590 4295 1657 4388 id,
1681 4295 1788 4394 quod
1820 4292 1934 4369 oculo
1962 4291 2269 4385 denumerat,

461 4422 595 4501 radios
621 4420 830 4522 parallelos
865 4423 1027 4520 cogebat
1058 4421 1111 4496 ad
1143 4420 1262 4520 paulo
1293 4421 1422 4495 minus
1448 4421 1571 4496 trium
1603 4420 1790 4521 pollicum
1823 4420 1902 4495 sive
1929 4415 2135 4492 unciarum
2157 4416 2269 4516 pedis

475 4649 695 4676 m

504 4832 553 4920 (1)
577 4830 746 4910 ssusam,
774 4827 888 4917 Opera
910 4821 951 4890 V
947 4825 1053 4890 arta.
1079 4820 1151 4890 Vol.
1170 4820 1215 4889 ll.
1237 4844 1311 4914 pag.
1331 4826 1408 4892 559.

505 4938 554 5029 (2)
577 4939 752 5016 Iitcctou,
776 4934 876 5005 Δεῖν.
899 4930 1053 5022 Reform·
1077 4927 1151 4999 Lib.
1168 4928 1210 5000 X.
1236 4931 1315 5024 Gap.
1334 4932 1394 5003 lx.
1419 4956 1492 5025 pag.
1510 4937 1586 5006 364.

500 5048 551 5136 (3)
574 5045 725 5126 Ibidem,
748 5067 822 5136 pag.
841 5046 918 5112 364.

499 5154 550 5247 (t)
574 5153 649 5226 tid.
666 5154 836 5236 flerem,
863 5150 978 5245 Opera
1001 5150 1144 5233 Vasta,
1167 5148 1240 5225 Vol.
1260 5150 1307 5224 11.
1329 5172 1402 5245 pag.
1421 5154 1497 5224 tat.
