4970 6164
1124 544 1610 647 jar...

424 741 476 815 do
493 740 687 815 &turnus
717 738 916 815 illuminat
936 760 1010 837 per
1027 746 1157 813 totum
1171 760 1287 814 suum
1305 740 1477 828 diaeum,
1500 739 1574 837 qui
1594 741 1720 816 solum
1744 761 1818 837 per
1847 714 1985 815 annuli
2008 739 2187 814 umbram
2205 738 2252 815 ia

424 865 524 941 duas
540 874 706 941 aouaset
720 865 763 939 in
785 888 909 939 unum
934 862 996 936 vel
1013 864 1135 962 plura
1153 867 1281 964 spatia
1297 864 1533 941 intermedia
1549 868 1717 963 gracilia
1731 866 1886 940 divisus
1903 877 1981 954 est3
2002 864 2097 937 dum
2121 864 2253 961 regio-

423 1015 492 1066 oas
510 991 666 1088 polares
690 989 877 1078 Saturni,
899 1010 1003 1083 quae
1022 1012 1095 1087 per
1112 990 1278 1064 hiantem
1299 991 1622 1067 continuanoote
1637 993 1904 1089 obteguntur,
1930 1015 1975 1067 ex
1994 989 2150 1065 annulis
2168 1012 2252 1066 nou

422 1124 587 1216 possunt
614 1112 800 1209 conspici.
848 1109 984 1208 Quare
1007 1113 1145 1210 phasec
1178 1113 1362 1206 Saturni,
1393 1137 1496 1211 quae
1529 1115 1573 1190 in
1602 1118 1747 1195 annulo
1774 1117 2056 1204 observantur,
2081 1137 2169 1186 cum
2188 1112 2253 1186 lu·

420 1264 496 1317 uae
516 1249 675 1315 nostrae
688 1235 876 1333 phasibus
899 1239 1124 1334 comparari
1152 1247 1363 1336 nequeunt.
1412 1238 1497 1313 Hae
1512 1239 1650 1334 phasec
1669 1240 1712 1313 in
1729 1239 1984 1315 demesoendo
1999 1263 2079 1314 aon
2094 1248 2252 1313 tantum

420 1366 674 1465 graotuores,
699 1358 768 1434 sed
791 1357 908 1431 etiam
929 1361 1130 1435 breviores
1146 1362 1270 1471 istrum¹
1303 1361 1501 1438 finiuntur
1522 1360 1562 1436 et
1589 1365 1786 1463 incipiunt
1813 1391 1839 1440 a
1862 1365 2024 1441 luminis
2042 1373 2186 1461 puncto
2206 1373 2252 1438 et

418 1513 499 1568 uon
527 1486 767 1563 falciiormes.
796 1484 1088 1574 siroialense,
1113 1494 1161 1561 ut
1190 1485 1233 1558 in
1255 1494 1392 1560 nostra
1423 1488 1518 1565 luna
1540 1489 1671 1565 looum
1698 1492 1828 1565 habet.
1877 1488 1985 1563 Haeo
2012 1511 2130 1589 pausa
2163 1497 2244 1580 cst,

419 1613 549 1713 quod,
565 1622 731 1712 propter
749 1631 930 1706 megaram
950 1611 1288 1711 propinquitatem
1304 1611 1487 1709 planetae
1503 1636 1583 1687 non
1602 1621 1729 1687 totum
1745 1614 2072 1711 hemisphaerium
2094 1613 2249 1687 visibile

417 1739 488 1829 sit,
513 1760 729 1837 matgoque
751 1738 913 1813 Saturni
945 1760 1026 1812 non
1060 1737 1194 1836 cyclus
1221 1756 1389 1834 magnus
1416 1736 1681 1829 merolianus,
1719 1738 1787 1812 sed
1814 1738 2007 1811 duntaxat
2038 1738 2246 1835 insigniter

418 1863 770 1961 parallelusmagis
787 1860 948 1933 dissitas
971 1862 1071 1958 cycli
1094 1865 1304 1939 meridiani
1324 1866 1395 1949 sit3
1421 1844 1500 1961 quo
1523 1862 1654 1935 adhue
1667 1860 1842 1953 accedit,
1868 1859 1976 1959 quod
2001 1862 2117 1936 etiam
2131 1864 2247 1939 limes

416 1989 718 2068 illuminationis
747 1988 860 2091 polos
888 2009 969 2065 nou
988 1989 1161 2086 attingit
1210 1991 1326 2091 Quod
1348 1992 1498 2088 figura,
1523 2011 1643 2087 quam
1657 1989 1776 2086 juxta
1797 1987 2100 2084 adscripsimus,
2119 1989 2244 2087 magis

707 2173 743 2227 B
1044 2117 1296 2215 perspicuum
1315 2117 1396 2193 fiet.
1439 2117 1563 2213 Cujus
1582 2115 1755 2189 exterior
1766 2113 1994 2211 semieyelus
2007 2113 2105 2188 ABG
2125 2115 2244 2211 sieni-

1045 2243 1139 2319 fieut
1157 2241 1367 2319 dimidium
1390 2242 1548 2318 boreale
1565 2241 1919 2339 haemisphaerium
1943 2238 2125 2329 Saturni,
2149 2239 2249 2313 inte-

1045 2370 1210 2464 riorque
1233 2368 1459 2464 semieyclus
1483 2366 1583 2441 ΒΕΓ
1606 2369 1691 2465 ejus
1714 2377 1887 2465 partem,
1912 2388 2019 2464 quae
2042 2365 2095 2439 ad
2122 2389 2243 2440 annu·

577 2393 879 2695 Δ
1045 2497 1129 2570 lum
1143 2516 1332 2568 souuerse
1351 2501 1430 2582 est,
1455 2503 1574 2589 atque
1584 2494 1688 2568 linea
1699 2495 1889 2591 pun'etata
1905 2493 1957 2568 ab
1973 2493 2137 2568 limitem
2155 2493 2246 2568 illu·

1045 2621 1272 2697 minationis
1293 2620 1336 2693 in
1354 2619 1531 2693 semestri
1551 2620 1733 2695 bruruali.
1768 2619 1833 2693 lta
1855 2618 1925 2693 illa
1942 2642 2059 2716 pars,
2085 2642 2244 2716 quaeex

488 2738 525 2798 Α
560 2743 596 2795 ⁰
862 2730 897 2790 F
933 2732 962 2790 ⁶
1046 2749 1204 2826 annulis
1237 2746 1512 2844 conspicitur,
1548 2746 1717 2821 formam
1745 2746 1885 2829 habet⁸
1902 2746 2121 2843 particulae
2149 2746 2242 2839 aba,

414 2900 658 2997 apparetque
687 2889 781 2962 hine
810 2885 932 2991 facile
943 2901 1132 2983 quasnam
1153 2876 1301 2950 ionuas
1325 2896 1419 2971 pars
1439 2871 1663 2948 illuminata
1678 2874 1722 2948 iu
1742 2882 1898 2947 artenao
1917 2870 2091 2947 luminis
2115 2873 2245 2949 limito

413 3043 611 3099 assumere
642 3016 793 3091 debeat.
844 3011 1015 3086 larratie
1043 3007 1129 3105 qius
1148 3001 1276 3102 partis
1303 3000 1449 3089 noetis,
1475 3000 1622 3098 inqua
1657 3000 1851 3075 Saturnus
1879 2998 2049 3073 annulos
2080 3001 2240 3078 omniuo

412 3175 493 3227 nou
521 3146 739 3233 illuminat,
764 3140 940 3237 aequalis
962 3147 1020 3210 est
1037 3130 1285 3230 longissimae
1315 3126 1520 3200 durationi
1542 3126 1665 3201 ,unius
1688 3125 1864 3203 noctium
1887 3124 1972 3222 ejus
1994 3125 2247 3203 aestivarum.

463 3271 717 3351 Solummodo
740 3266 937 3363 margines
956 3262 1124 3362 graciles
1140 3255 1354 3331 exteriores
1371 3254 1579 3326 amborum
1609 3251 1847 3326 annulorum
1872 3245 2032 3327 omniuo
2064 3275 2089 3325 a
2108 3252 2245 3330 Satur·

414 3428 466 3479 no
490 3400 620 3476 aversi
639 3405 743 3472 sunt.
793 3390 995 3490 Quatenus
1014 3389 1055 3463 hi
1071 3385 1268 3483 margines
1284 3402 1424 3455 revera
1441 3380 1611 3454 habeant
1631 3402 1755 3477 parra
1771 3379 1860 3453 loca
1884 3377 2022 3474 plana,
2045 3400 2071 3451 a
2099 3380 2244 3477 margi-

413 3554 463 3606 ne
482 3527 678 3602 exteriore
698 3517 905 3594 exterioris
926 3514 1063 3589 annuli
1089 3512 1217 3587 solum
1243 3506 1486 3604 conspicitur
1507 3507 1659 3581 eoelum
1684 3527 1856 3603 purum3
1880 3502 2050 3579 interior
2075 3506 2241 3580 exterio·

413 3656 472 3731 ris
486 3649 633 3749 ¹annuli
655 3669 795 3744 margo
814 3654 935 3740 atque
954 3641 1129 3718 ararim·
1149 3633 1352 3712 interioris
1376 3635 1513 3709 annuli
1538 3657 1677 3731 margo
1704 3627 1953 3705 zenithalitar
1984 3630 2061 3707 sibi
2085 3632 2240 3729 opposi-

414 3793 479 3856 tae
496 3791 608 3863 sunt3
633 3796 656 3847 e
677 3774 814 3872 priore
833 3769 1076 3867 conspicitur
1093 3775 1200 3841 totus
1220 3758 1384 3838 Saturni
1402 3761 1556 3853 discus,
1579 3766 1741 3863 excepta
1753 3757 1944 3837 duntaxat
1966 3764 2239 3855 porteaaqua-

415 3905 553 3987 toriali
574 3901 775 3982 anteriore
791 3895 938 3974 annulo
961 3904 1080 3973 tecta.

463 4160 545 4237 llio·
562 4157 917 4235 antaradrersionas
949 4162 1105 4229 nostras
1134 4148 1335 4234 finienms3
1371 4145 1405 4218 si
1423 4141 1756 4264 reroanrouun
1776 4140 2063 4217 Bmmouoauu
2095 4137 2243 4235 aliquis

416 4293 466 4367 (le
484 4288 621 4371 annuli
640 4286 865 4361 conditione
884 4283 1047 4380 ejusque
1065 4277 1192 4353 causis
1209 4272 1414 4363 finalibus,
1440 4270 1548 4368 quod
1577 4269 1630 4342 ad
1660 4271 1873 4343 Saturnum
1897 4268 2072 4355 ¹attinet,
2109 4265 2246 4361 legere

415 4419 573 4516 cupiat,
597 4435 677 4489 non
707 4412 848 4485 melius
870 4408 1027 4485 edoceri
1047 4402 1218 4505 poterit,
1244 4421 1360 4495 quam
1405 4396 1461 4486 si,
1492 4397 1610 4470 adeat
1636 4393 1983 4472 Astrommirchea
2018 4387 2240 4469 Jahrduels'

414 4568 493 4621 eoa
516 4538 722 4638 Booufitr
751 4537 828 4612 dar
853 4536 971 4614 ‚latr
995 4534 1112 4623 1786,
1136 4531 1179 4604 ia
1201 4549 1283 4625 quo
1302 4546 1420 4624 opere
1439 4522 1547 4597 Boou
1565 4523 1703 4597 annuli
1719 4522 1763 4596 in
1785 4520 1956 4595 Saturno
1976 4519 2252 4616 phaenomena

415 4672 509 4746 satis
526 4670 612 4743 fuse
639 4674 808 4750 tractam
833 4687 957 4762 porro
981 4662 1187 4748 Barnous,
1215 4653 1498 4749 Vaaangea
1518 4648 1622 4723 iiber
1659 4648 1729 4722 die
1757 4645 2038 4736 damnantia,
2073 4645 2244 4719 awriten

417 4796 555 4886 rane,
579 4804 700 4892 atque
722 4790 930 4882 brunnon,
955 4789 1034 4862 der
1052 4780 1240 4861 Himmel
1258 4781 1371 4853 aciae
1399 4777 1561 4852 Wataa
1581 4774 1672 4848 aad
1692 4776 1804 4848 aciae
1838 4771 2047 4861 Wunder,
2073 4770 2246 4845 aarum

413 4921 554 5011 Baad.
601 4921 649 4994 ln
667 4919 815 5018 quibus
829 4916 1019 5017 operibus
1035 4910 1301 4986 abundantem
1323 4902 1473 4979 dehoc
1492 4908 1726 5002 argumento
1745 4900 1951 4976 mammam
1967 4897 2137 4973 inveniet
2168 4894 2247 4970 u»

413 5069 582 5136 antonus
603 5042 776 5122 Laeron.
1009 5048 1024 5088 t

1178 5200 1495 5233 ῳ--ιοι-ι--ι-ι
