4978 6160
1047 501 1310 582 -εὸ-

274 695 336 784 tir
357 704 397 769 et
415 717 517 770 anno
541 696 658 789 1610,
683 706 798 774 nocte
819 692 899 772 diei
922 693 948 774 7
970 693 1174 786 incurii,
1206 692 1355 769 invenit
1375 691 1502 769 tribus
1533 690 1767 769 satellitibus
1794 691 1932 769 Jovcm
1956 691 2086 793 plane-

276 830 358 895 tam
370 820 563 912 cinctum,
587 820 838 918 ejusdemque
852 820 993 896 mensis
1017 821 1081 895 die
1101 822 1150 896 13
1182 818 1349 894 eundem
1371 818 1490 893 etiam
1506 823 1649 914 quarto
1674 814 1916 893 circumdari
1934 817 2047 892 vidit.

321 942 395 1017 Sed
424 941 604 1043 deinceps
628 947 843 1021 referamus
873 955 912 1021 et
941 947 1077 1046 paucis
1111 945 1242 1021 verbis
1274 943 1506 1041 explicemus
1535 943 1692 1020 iuvema
1725 945 1903 1019 virorum
1949 941 2083 1017 docto·

273 1089 383 1159 rum,
408 1075 602 1163 quatenus
617 1068 670 1143 ad
693 1067 855 1143 Saturni
885 1069 1074 1144 annulum
1105 1068 1313 1167 pertinent.
1360 1065 1538 1141 Diximus
1557 1069 1644 1167 jam
1673 1068 1862 1145 nonnulla
1893 1065 1943 1140 de
1969 1064 2083 1140 Glu-

271 1212 368 1267 usno
391 1191 630 1289 ideoquead
649 1218 738 1271 eum
762 1195 979 1270 redeamus.

321 1313 617 1394 Observationes
629 1342 719 1394 suas
734 1340 992 1418 persequens,
1017 1316 1194 1415 planetae
1206 1316 1368 1392 Saturni
1382 1318 1673 1414 phaenomenon
1689 1312 1887 1410 quoddam
1911 1314 2077 1408 detexit,

273 1440 381 1537 quod
406 1439 546 1515 eodem
571 1465 674 1518 anno
710 1443 902 1541 singulari
929 1441 1046 1517 modo
1084 1438 1211 1515 literis
1253 1440 1475 1530 mandarit3
1508 1448 1596 1514 erat
1630 1435 1734 1509 enim
1761 1435 1811 1508 iis
1839 1440 2080 1538 temporibus

271 1565 377 1643 inter
399 1564 506 1640 viros
525 1563 661 1640 doctos
684 1589 730 1641 ea
748 1571 1011 1660 consuetudo,
1035 1575 1083 1639 ut
1118 1566 1410 1663 unusquisque,
1435 1563 1506 1660 qui
1538 1556 1693 1655 aliquid
1725 1559 1900 1635 nondum
1922 1563 2078 1638 omnino

271 1698 425 1763 certum
460 1698 500 1761 et
533 1670 701 1762 ulterius
733 1689 914 1789 deinceps
945 1688 1257 1786 investigandum
1287 1687 1515 1775 invenisset,
1551 1684 1679 1758 literis
1707 1688 1953 1784 transpositis
1976 1688 2079 1763 illud

270 1811 476 1886 indicaret.
536 1810 666 1907 Hujus
693 1816 984 1890 consuetudinis
1019 1814 1133 1909 origo
1173 1813 1216 1886 in
1247 1812 1409 1884 humani
1450 1809 1604 1907 generis
1633 1808 1817 1905 superbia
1845 1809 1964 1899 latet,
2000 1819 2079 1883 stu-

273 1935 462 2033 diumque
489 1936 673 2026 honoris,
709 1959 789 2033 quo
821 1961 953 2013 ornnes
984 1936 1190 2025 ducimur,
1221 1957 1301 2007 non
1330 1934 1499 2037 sinebat,
1524 1933 1594 2006 alii
1621 1932 1854 2009 inventionis
1874 1931 2077 2030 cujusdam

271 2061 460 2135 honorem
479 2058 622 2144 tribui;
646 2081 726 2133 non
751 2070 881 2136 tamen
903 2084 967 2135 ras
1001 2061 1172 2133 demotus
1200 2081 1276 2155 pro
1303 2058 1421 2131 certis
1448 2056 1587 2129 haberi
1605 2055 1834 2148 voluerunt,
1860 2082 1927 2149 ne,
1953 2082 2077 2155 quum

270 2186 485 2259 humanum
517 2182 716 2280 ingenium
748 2183 954 2256 erroribus
981 2183 1199 2277 subjectum
1239 2179 1312 2271 sit,
1345 2181 1546 2254 inventum
1573 2203 1687 2279 saepe
1716 2182 1863 2257 nullius
1891 2185 2076 2257 momenti

271 2310 442 2383 aliorum
462 2307 650 2381 derisioni
672 2305 828 2402 publice
846 2314 1118 2402 exponeretur.
1166 2303 1279 2377 Hauc
1296 2304 1614 2379 consuetudinem
1636 2303 1761 2400 igitur
1782 2306 1899 2378 etiam
1924 2316 2077 2385 secutus

271 2442 330 2509 est
343 2432 585 2523 Glareanus,
609 2440 650 2503 et
670 2429 931 2502 inventionem
947 2452 1056 2503 suam
1079 2426 1207 2500 literis
1230 2428 1476 2525 transpositis
1491 2427 1567 2502 hoc
1585 2427 1702 2501 modo
1722 2426 1927 2525 descripsit
1949 2425 2020 2527 (Its

486 2577 1841 2677 sanaismrmilmepoetolenmtelanessugttouircs.

1126 2768 1158 2871 ξ.
1198 2774 1235 2847 1.

316 2976 427 3051 Inter
448 2995 533 3066 eos,
558 2976 629 3071 qui
642 2976 747 3050 hunc
768 2996 923 3050 versum
941 2972 1135 3069 explicare
1154 2971 1432 3062 constituere,
1455 2969 1585 3045 locum
1603 2977 1768 3069 occupat
1797 2970 2072 3051 celeberrimus

268 3098 496 3181 manos.
521 3098 614 3193 qui,
631 3108 678 3172 ut
698 3099 782 3195 ejus
804 3095 935 3173 verbis
952 3105 1067 3186 utar,
1093 3102 1315 3190 sequentem
1341 3116 1498 3171 versum
1526 3095 1857 3184 semibarbarum,
1882 3095 2072 3174 extiteris

267 3221 515 3320 transpositis
534 3220 728 3294 confecit:

316 3344 439 3419 Saloe
461 3343 747 3418 ambasiacum
767 3341 1022 3439 gerninotnm
1045 3339 1209 3418 Martio
1228 3341 1372 3440 proles.

269 3468 344 3543 Scd
365 3466 586 3564 longissime
618 3468 668 3540 ab
699 3464 873 3542 auctoris
897 3467 1084 3541 sententia
1106 3465 1329 3556 aberravit,
1368 3465 1476 3560 qnod
1506 3474 1614 3563 patet
1643 3469 1842 3567 exipsius
1882 3466 2071 3548 Gnarum

271 3592 435 3691 epistola
451 3590 504 3663 ad
526 3589 726 3665 Jumsnms
750 3612 802 3665 nn
826 3590 1021 3684 Mnnrcrs,
1048 3598 1095 3671 13
1122 3587 1348 3667 Novembris
1368 3611 1470 3664 anno
1492 3591 1587 3665 1610
1607 3590 1776 3689 scripta3
1807 3592 1938 3669 dicere
1967 3595 2070 3670 enim

232 3700 233 3703 Ἴ
267 3717 414 3793 voluit:

317 3837 572 3912 ditissimum
588 3833 803 3931 planetam
828 3844 1100 3940 tmgeminum
1122 3841 1333 3918 obseroaoi

270 3957 731 4057 Ejusquesententiahuc
743 3958 870 4051 redit,
888 3961 1124 4060 Saturnum,
1144 3967 1390 4069 cognitorum
1405 3970 1500 4034 tunc
1509 3963 1696 4058 temporis
1717 3964 1960 4060 planetarum
1984 3963 2068 4039 lon·

266 4087 422 4184 pissime
443 4106 469 4156 a
491 4080 570 4155 sole
592 4080 823 4174 distantem,
856 4084 932 4160 sibi
950 4094 1178 4188 apparuisse
1205 4090 1437 4164 triformem.
1487 4085 1650 4159 Viderat
1671 4086 1819 4160 scilicet
1837 4084 1889 4158 ad
1914 4095 2066 4161 utrum-

268 4233 345 4307 qne
365 4210 542 4308 planetae
563 4205 667 4278 letus
690 4205 789 4279 duos
805 4208 1003 4305 globulos,
1029 4239 1127 4313 qnos
1150 4214 1333 4289 satellites
1350 4232 1431 4283 esse
1450 4210 1633 4307 putebat.
1658 4210 1877 4308 cujusmodi
1895 4222 2068 4308 quantor

269 4332 376 4429 apud
398 4330 534 4405 Jovem
566 4329 784 4416 detexeram
809 4331 884 4407 hoc
904 4340 1306 4430 tamen’discriminm
1345 4333 1455 4433 quod
1479 4357 1723 4431 nequaquam
1751 4336 1909 4429 ratione
1931 4338 2068 4413 habita

268 4455 444 4554 planetae
463 4461 734 4544 moverentur,
757 4462 796 4526 et
807 4458 1005 4554 conjuncti
1024 4462 1353 4539 viderenturcum
1373 4460 1546 4557 plancta,
1571 4459 1676 4532 linea
1685 4469 1794 4533 recta
1812 4458 1922 4555 quasi
1935 4456 2068 4534 inrisiss

259 4564 360 4669 bili,
386 4575 630 4675 quaeeadem
657 4576 719 4650 via
738 4587 856 4675 atque
875 4595 1067 4680 aequator
1084 4587 1375 4672 extenderetur3
1398 4585 1461 4658 uti
1484 4591 1592 4681 patet
1609 4584 1652 4657 in
1676 4583 1762 4683 rig.
1786 4585 1821 4658 1.
1866 4578 1990 4653 simul
2007 4583 2066 4657 in·

268 4704 394 4788 dicat,
419 4701 653 4793 Saturnum,
686 4704 839 4797 quotics
870 4725 958 4778 eum
985 4711 1317 4809 contemplaretur
1340 4729 1414 4806 per
1436 4707 1595 4782 oculare
1614 4703 1819 4805 (ooggms),
1851 4704 1958 4800 quod
1985 4728 2065 4780 non

260 4827 477 4929 plurimam
495 4825 746 4927 multipllfflls
765 4826 840 4903 Sibi
849 4832 1080 4926 apparuisse
1095 4835 1223 4911 sonna
1230 4833 1476 4933 longiuscula
1493 4832 1641 4922 olivae,
1658 4837 1705 4903 ut
1715 4830 1808 4928 mg.
1822 4830 1868 4916 2,
1885 4826 2067 4924 globulos

313 5146 362 5239 (1)
384 5145 460 5216 vid.
478 5147 622 5218 loeutus
642 5148 816 5236 hrum,
839 5156 878 5221 in
897 5151 1111 5244 Ds‘optricem
1127 5152 1334 5244 Praefatio,
1358 5175 1432 5243 pop.
1454 5154 1511 5223 73.
