4970 6164
1004 579 1073 601 -·-
1118 545 1196 624 {25
1242 586 1314 607 -

302 734 604 811 Observationes
630 733 722 811 'hnc
762 737 1001 838 pertinentes
1040 764 1160 839 quam
1205 739 1433 817 brevissime
1469 739 1554 838 jam
1599 740 1837 824 referemus}
1878 745 1970 811 sunt
2007 757 2064 809 se-

278 872 432 937 uentesx

248 886 278 960 q
299 987 486 1062 Scuvvlm
508 985 561 1087 111
578 991 788 1066 observans
798 991 1094 1067 Dereccioedie
1111 992 1391 1085 Decembrisl,
1415 991 1645 1081 anni1832,
1668 1017 1694 1067 a
1711 1003 1886 1091 tempore
1905 989 2065 1063 matuti-

252 1133 326 1199 no,
346 1110 396 1183 ab
407 1111 508 1185 hora
519 1115 667 1189 scilicet
678 1108 720 1191 11
739 1136 865 1211 usque
882 1116 935 1188 ad
946 1118 1084 1190 horam
1098 1117 1164 1210 73,
1189 1140 1263 1214 ope
1280 1120 1367 1192 tubi
1378 1118 1700 1207 Farcmuorem,
1719 1116 1927 1213 spadum,
1945 1124 2065 1210 atquo

249 1235 345 1322 216,
369 1235 493 1309 esea
513 1240 588 1314 324
602 1238 993 1336 amplificationibus3
1017 1243 1282 1340 comperiebat
1297 1244 1486 1317 annulum
1506 1244 1666 1318 omnino
1683 1242 1815 1317 adhuc
1830 1240 2064 1313 invisibilem

252 1379 350 1446 esse,
374 1369 486 1434 cerm
508 1371 638 1437 tamen
659 1364 817 1438 videbat
839 1366 882 1439 in
900 1366 1116 1441 directione
1140 1390 1257 1442 ansae
1285 1365 1489 1440 orientalis
1508 1367 1651 1440 subtile
1667 1366 1828 1439 lmninis
1849 1371 2062 1459 punctum,

251 1483 359 1578 quod
371 1507 445 1581 par
463 1486 587 1561 trium
615 1488 807 1564 horarum
832 1490 1143 1564 observationem
1177 1505 1257 1568 non
1275 1490 1509 1566 mutabatur
1538 1490 1641 1576 situ3
1665 1488 1758 1563 licet
1776 1496 1946 1586 propter
1959 1488 2064 1563 nitria

252 1616 402 1681 motum
418 1609 572 1705 saepius
593 1633 639 1683 cx
658 1613 782 1688 oculis
802 1614 954 1705 abiret,
980 1637 1132 1713 semper
1153 1629 1282 1692 tamen
1305 1615 1442 1690 eodem
1460 1615 1548 1689 loco
1570 1634 1711 1688 rursus
1728 1611 1956 1708 apparebat.

299 1732 429 1831 Quum
447 1736 653 1830 usquead
684 1740 731 1813 12
764 1738 868 1814 diem
898 1739 1122 1816 Decembris
1149 1750 1315 1839 propter
1340 1739 1445 1812 sam
1471 1738 1740 1836 intemperiem
1771 1734 1904 1809 nullae
1933 1732 2064 1807 obser-

250 1859 423 1933 vationes
451 1859 606 1933 institui
642 1872 816 1958 possent,
854 1864 928 1938 hac
956 1887 1116 1962 vespera
1142 1863 1329 1939 annulum
1373 1863 1579 1959 perspicue
1617 1861 1797 1943 videbat,
1832 1858 1923 1933 licet
1951 1857 2065 1933 obtu-

249 2006 359 2073 sum,
384 1983 612 2080 dignoscere
636 1996 767 2061 tamen
798 2008 885 2060 eum
913 1996 1070 2084 poterat
1102 1988 1463 2063 Fraucnhofcriauo
1493 1992 1538 2081 3}
1559 1986 1703 2085 pedum
1735 1984 1833 2057 tubo
1854 1993 1974 2080 atque
1995 1982 2065 2057 126

249 2108 378 2182 111168
393 2107 773 2203 amplificationibus.
823 2110 1135 2209 Ampliiicetione
1168 2117 1241 2189 216
1261 2113 1349 2187 tubi
1369 2117 1393 2188 6
1411 2112 1557 2209 pedum
1582 2109 1818 2187 observabat
1849 2107 2066 2181 occidenta-

249 2216 323 2307 lem
346 2252 480 2306 ansam
499 2233 679 2308 universe
700 2233 848 2309 claram
868 2256 968 2325 esse,
993 2244 1133 2309 contra
1155 2237 1263 2333 apud
1295 2264 1323 2313 a
1349 2240 1444 2338 mg.
1469 2242 1537 2331 41,
1563 2235 1792 2315 orientalem
1819 2232 2066 2329 aliquatenus

250 2358 459 2432 clariorem
486 2380 612 2454 neque
639 2359 853 2435 adhaerere
884 2360 1085 2458 planctae,
1119 2357 1226 2455 apud
1250 2359 1274 2432 b
1304 2373 1435 2436 autem
1470 2366 1553 2438 iere
1577 2359 1813 2439 invisibilem
1842 2359 1953 2445 fieri3
1987 2381 2066 2454 quo

250 2482 391 2566 fiebat,
417 2481 502 2553 utb
530 2485 580 2556 ab
607 2482 774 2557 obscuro
796 2484 896 2558 adeo
919 2484 1147 2559 distinctum
1170 2493 1292 2575 esset,
1326 2497 1373 2560 ut
1401 2490 1444 2562 in
1476 2487 1689 2599 &pedum
1721 2486 1818 2559 tubo
1848 2493 1967 2579 atque
1997 2484 2068 2557 126

249 2605 550 2702 amplificatione
572 2618 763 2705 punctum
784 2607 943 2681 luminis
966 2629 1047 2680 esse
1076 2608 1291 2682 videretur.
1342 2610 1432 2710 Ipse
1449 2612 1575 2685 multa
1600 2632 1688 2683 cum
1717 2608 2069 2683 verosimilitudine

248 2732 506 2830 opinabatur,
531 2758 559 2806 a
579 2734 861 2822 esseeaudem,
883 2732 1156 2829 quamprimo
1182 2732 1247 2805 die
1271 2732 1498 2809 Decembris
1518 2733 1696 2820 viderat,
1735 2742 1901 2831 partem.
1951 2730 2070 2803 Prae-

246 2867 354 2930 terea
376 2856 512 2931 eodem
537 2858 602 2931 die
625 2857 901 2931 occidentalem
926 2877 1058 2929 ansam
1089 2878 1168 2930 non
1195 2856 1271 2929 nisi
1297 2859 1416 2955 paulo
1446 2859 1690 2946 breviorem,
1723 2855 1970 2951 aliquatenus
1990 2858 2067 2930 ela·

247 2980 394 3052 riorem
430 2980 688 3077 latioremque
718 2980 899 3072 videbat,
936 2978 1177 3052 obtusionem
1206 2989 1338 3054 autem
1368 2992 1408 3056 et
1438 2983 1563 3081 magis
1591 2979 1833 3056 indefinitam
1859 2980 2065 3070 orientali,

246 3129 348 3203 quac
369 3107 597 3203 angrrstior,
618 3108 777 3181 acutior
798 3117 838 3180 et
857 3117 903 3180 ut
925 3106 1001 3203 ipsi
1016 3105 1247 3196 videbatur,
1272 3107 1563 3202 quedammodo
1580 3107 1730 3183 clarior
1746 3117 1845 3181 erat.

294 3232 367 3302 Die
393 3234 438 3305 18
457 3231 643 3305 danuarii
666 3235 759 3307 anni
787 3234 883 3309 1833
904 3242 1069 3328 propter
1092 3231 1229 3305 annuli
1253 3232 1602 3324 illuminationem,
1638 3258 1739 3332 quae
1759 3243 1986 3308 accreverat
2006 3233 2065 3305 lu-

249 3356 362 3429 cidus
384 3357 514 3449 locus,
546 3359 676 3431 minus
708 3360 847 3435 eximie
869 3359 1105 3456 apparebat,
1141 3368 1312 3434 attamen
1337 3384 1426 3435 eum
1458 3363 1664 3461 perspicue
1683 3361 1814 3434 adhuc
1837 3359 2065 3457 dignoscere

248 3484 423 3572 valebat,
448 3495 568 3581 atque
591 3487 799 3560 observare
819 3485 862 3558 in
883 3485 968 3581 ejus
990 3485 1197 3558 immutate
1218 3486 1297 3562 situ
1328 3490 1522 3563 matutino
1544 3497 1722 3583 tempore
1741 3486 1833 3558 inde
1854 3486 1905 3558 ab
1923 3486 2063 3559 horal

244 3633 368 3706 usque
390 3612 443 3684 ad
473 3611 519 3700 7,
545 3620 663 3707 atque
691 3611 931 3686 nuncetiam
963 3610 1165 3685 orientalis
1195 3635 1289 3686 ansa
1319 3615 1558 3690 adhaerebat
1587 3612 1781 3711 planetae,
1817 3609 1995 3707 quamvis
2018 3631 2065 3679 ea

244 3737 284 3809 in
306 3738 379 3811 hac
398 3738 559 3833 regione
582 3738 712 3811 adhuc
733 3737 849 3834 longe
867 3738 1047 3811 obtusior
1064 3748 1172 3812 esset.
1222 3738 1404 3816 Ceterum
1424 3743 1495 3817 illa
1513 3763 1607 3815 ansa
1623 3740 1667 3813 in
1691 3738 1918 3813 universum
1943 3734 2060 3808 clari-

246 3872 327 3935 tate
350 3875 390 3936 et
410 3863 691 3960 perspicuitate
711 3886 851 3959 parum
871 3863 922 3936 ab
944 3863 1176 3937 occidentali
1194 3863 1412 3941 differebat.

293 3990 365 4062 Die
388 3989 597 4062 Februarii
614 3992 660 4075 2,
684 3988 857 4062 lucidum
880 3991 1010 4064 locum
1026 4016 1054 4064 a
1078 4014 1157 4064 non
1185 3991 1354 4087 amplius
1375 4004 1483 4068 certo
1508 3991 1752 4085 distinguere
1768 3983 1953 4087 poterat,
1971 4013 2061 4064 cou-

244 4116 356 4189 tiuuo
385 4125 516 4189 autem
542 4114 793 4190 occidentalis
819 4139 913 4189 ansa
945 4117 1193 4213 aliquatenus
1222 4115 1362 4208 latior,
1399 4117 1579 4193 obtusior
1608 4125 1648 4189 et
1674 4115 1798 4213 magis
1830 4114 2059 4204 indefinita,

245 4250 365 4335 atque
387 4243 590 4316 orientalis
609 4242 815 4338 angustior
840 4252 879 4316 et
902 4246 1027 4318 multo
1053 4243 1210 4317 acutior
1233 4246 1459 4342 apparebat.

291 4366 398 4440 Idem
420 4368 546 4465 ipsum
565 4367 607 4440 in
627 4367 807 4442 omnibus
830 4371 911 4444 suis
940 4369 1278 4445 observationibus
1305 4371 1552 4470 reperiebat,
1577 4391 1677 4464 quas
1701 4368 1931 4443 instituebat
1953 4390 2057 4442 men-

242 4495 350 4567 sibus
364 4493 584 4568 Februario
607 4493 842 4591 Martioque.

291 4619 364 4692 Die
383 4622 407 4693 2
427 4621 575 4717 Aprilis
593 4644 666 4719 per
684 4625 708 4697 6
726 4620 869 4718 pedum
899 4622 1175 4720 telescopium,
1198 4621 1273 4696 288
1293 4620 1617 4720 amplificatione,
1644 4642 1760 4695 ansae
1782 4618 1896 4693 valde
1917 4618 2056 4693 eximie

243 4756 357 4820 crant
380 4745 579 4845 dispares,
605 4771 727 4843 quum
750 4748 951 4823 orientalis
982 4759 1080 4824 esset
1110 4746 1268 4845 longior
1292 4749 1540 4845 debiliorquc
1575 4744 1829 4833 occidentali;
1853 4745 1938 4841 ejus
1959 4743 2054 4840 pha-

242 4895 301 4945 ses
320 4873 403 4946 fare
422 4895 495 4971 per
519 4881 641 4947 totum
667 4873 768 4948 vidit
787 4897 977 4964 mensem,
1000 4896 1127 4971 neque
1148 4874 1303 4972 aliquid
1317 4874 1456 4950 aderat
1475 4875 1635 4948 luminis
1654 4882 1916 4969 punctorum,
1941 4892 2053 4969 prae·

288 5226 337 5310 (1)
366 5222 505 5293 Astron.
525 5220 656 5289 Naolrr.
683 5221 739 5290 N·.
759 5228 834 5292 239.
865 5249 937 5315 pag.
962 5227 1037 5291 383.
1059 5235 1091 5290 et
1114 5222 1262 5315 Bet'lcge
1280 5247 1322 5289 aa
1346 5223 1404 5293 ΝΟ.
1427 5184 1515 5292 219.Ι
1531 5244 1604 5316 pag.
1627 5228 1701 5292 153.

1757 5328 1797 5389 29
