4970 6164
1199 500 1396 577 -218
1440 530 1513 558 -ι

452 698 455 703 ’
502 690 649 770 Diebus
684 696 751 784 le,
775 695 847 784 23,
872 695 941 785 28,
966 696 1016 771 29
1045 691 1146 768 Julii
1172 703 1212 767 et
1230 697 1259 769 2
1280 694 1345 768 die
1374 692 1560 791 Augusti,
1593 696 1882 794 conspiciebant
1901 715 2052 794 semper
2068 692 2199 773 adhue
2227 696 2272 774 iu

455 820 686 896 oecidentali
708 821 845 894 annuli
861 822 966 894 linea
989 820 1101 895 valde
1126 820 1307 893 subtilem
1347 830 1388 893 et
1416 823 1600 896 obtusum
1620 800 1779 899 luminis
1805 824 1986 913 ductum,
2009 842 2133 919 quum
2159 832 2271 898 terra

451 946 583 1021 adhue
611 945 663 1019 ad
695 947 905 1019 australem
922 969 1110 1020 conversa
1125 956 1224 1019 asset
1242 945 1393 1021 faciem.

439 1116 442 1121 ·
499 1071 670 1146 Saturno
692 1071 835 1144 iterum
860 1093 883 1144 e
904 1071 1026 1146 radiis
1049 1072 1244 1147 solaribus
1259 1073 1499 1170 prodeunte,
1525 1073 1550 1146 3
1578 1071 1643 1147 elie
1662 1074 1891 1152 Novembris
1918 1074 2048 1173 prima
2078 1073 2162 1150 viee
2186 1075 2272 1174 pla·

450 1209 582 1277 netam
616 1196 773 1272 videbat
808 1196 1010 1275 Sambana
1031 1200 1106 1298 (1),
1142 1199 1349 1297 telesoopio
1367 1198 1655 1274 Sebraderiano
1675 1202 1699 1279 7
1720 1203 1886 1300 pedum3
1910 1203 1961 1275 ab
1986 1211 2153 1298 utraque
2177 1224 2268 1299 par·

449 1335 491 1398 te
517 1326 731 1422 apparebat
761 1324 930 1398 annuus
967 1335 1014 1399 ut
1045 1336 1176 1417 reeta,
1210 1324 1278 1399 sed
1300 1327 1386 1423 jam
1430 1325 1562 1399 valida
1589 1324 1714 1417 linea,
1748 1351 1849 1425 quae
1874 1351 1954 1402 non
1988 1327 2039 1399 ab
2077 1326 2268 1407 ambabus

445 1448 629 1545 partibus
647 1448 825 1543 planetae
845 1472 1011 1540 annexa,
1052 1450 1170 1522 etiam
1190 1459 1361 1548 utroque
1388 1452 1511 1525 latere
1538 1451 1734 1526 salebrosa
1758 1451 2053 1548 inaequalisque
2069 1462 2165 1525 erat.
2216 1451 2264 1526 ln

447 1575 583 1649 annuli
614 1574 719 1647 linea
748 1574 950 1667 orientali,
980 1585 1025 1648 ut
1057 1583 1097 1647 et
1128 1574 1171 1647 in
1194 1572 1425 1648 occidentali
1455 1599 1496 1649 se
1518 1574 1771 1652 ostendebant
1794 1581 1875 1663 duo
1899 1575 2070 1653 visibilia
2092 1579 2258 1672 puncta,

447 1708 493 1771 ut
509 1722 536 1770 a
558 1696 638 1769 etb
660 1697 754 1796 Fbi‘·
778 1700 840 1774 38.

494 1820 807 1921 Amplifieatione
836 1824 905 1913 80,
951 1822 1152 1897 orientalis
1191 1820 1326 1896 annuli
1365 1820 1467 1894 linea
1499 1820 1647 1898 lumine
1682 1834 1769 1899 erat
1801 1828 1974 1918 albium,
2009 1822 2263 1904 oecidentalis

441 1957 585 2024 eontra
620 1946 833 2020 obtusiore.
892 1946 979 2021 Hoc
1012 1949 1167 2023 omnino
1204 1948 1449 2021 eontrarium
1478 1948 1513 2021 ei
1547 1960 1663 2041 erat,
1694 1950 1804 2047 quod
1833 1952 1988 2030 viderat
2013 1952 2055 2026 in
2094 1952 2259 2026 australi

444 2076 580 2150 annuli
611 2072 732 2160 faeie,
769 2071 830 2144 uti
860 2069 988 2144 locum
1018 2072 1210 2145 habuerat
1248 2071 1290 2144 in
1324 2072 1661 2147 observationibus
1689 2074 1820 2171 primo
1847 2076 2022 2149 semestri
2049 2075 2257 2168 institutis,

442 2223 565 2296 quum
603 2198 742 2272 iisdem
775 2193 1018 2291 temporibus
1046 2195 1249 2271 orientalis
1281 2198 1418 2274 annuli
1441 2197 1554 2295 *anea
1588 2197 1773 2272 subtilior
1804 2198 2081 2296 obtusioreque
2111 2196 2260 2272 lumine

435 2347 559 2420 quam
580 2320 831 2396 oecidentnlis
861 2322 1048 2397 continno
1078 2333 1308 2418 appareret;
1332 2323 1437 2396 unde
1470 2321 1649 2418 exiguam
1680 2320 1889 2419 utriusque
1918 2321 2054 2394 annuli
2067 2323 2176 2422 plani
2196 2323 2257 2399 ia·

434 2447 688 2525 efinanoaom
704 2447 941 2543 opinabatur
959 2469 1000 2519 se
1018 2445 1288 2520 demonstrare
1299 2466 1411 2543 posse
1430 2441 1497 2539 (2).

487 2571 561 2646 Die
584 2573 609 2646 l
643 2570 873 2648 Novembris
894 2570 1006 2643 bora
1028 2571 1245 2661 matutina,
1274 2569 1322 2646 74
1344 2546 1383 2642 et
1412 2569 1485 2643 lto
1514 2563 1902 2661 amplificationibus,
1938 2566 2043 2641 idem
2086 2570 2258 2667 repet-ie,

436 2694 506 2770 bat
526 2695 593 2795 (3).
642 2696 810 2771 Videbat
833 2716 990 2795 quoque
1019 2694 1154 2770 eadem
1181 2717 1222 2769 se
1253 2690 1497 2767 extendentia
1528 2697 1674 2784 puncta
1707 2712 1735 2761 a
1772 2698 1812 2761 et
1842 2692 1866 2765 b
1888 2691 1931 2765 in
1959 2689 2189 2767 occidentali
2211 2704 2255 2769 et

437 2819 623 2895 orientali
639 2820 776 2895 annuli
790 2819 917 2906 linea,
942 2813 1077 2889 eodem
1102 2817 1308 2894 immutato
1340 2817 1496 2916 fixoque
1516 2814 1609 2890 situ.
1653 2815 1928 2909 tinomaus,
1962 2815 2033 2915 qui
2054 2827 2139 2914 post
2159 2839 2250 2892 eum

430 2944 689 3035 observabat,
714 2944 818 3019 idem
839 2941 1072 3021 inveniebat.

482 3066 539 3142 Ut
557 3069 756 3165 singulare
775 3066 874 3166 quid
904 3072 1234 3142 commemoratur
1256 3061 1335 3166 (4),
1369 3071 1560 3165 punetum
1589 3065 1828 3144 occidentale
1856 3092 1884 3142 a
1903 3088 2010 3142 nune
2031 3063 2073 3139 in
2100 3060 2252 3137 boreali

432 3191 571 3267 annuli
591 3192 776 3289 planitie,
809 3193 955 3267 iterum
979 3188 1023 3264 in
1053 3187 1190 3263 eodem
1216 3190 1296 3264 situ
1324 3192 1546 3285 observari,
1571 3216 1652 3291 quo
1685 3191 1838 3266 tamdiu
1869 3192 2098 3265 observatus
2130 3185 2250 3263 aar·

430 3317 657 3416 diagianua
675 3316 806 3392 nodus
826 3337 867 3389 se
898 3315 1113 3398 exserebat,
1138 3316 1352 3414 eodemque
1382 3315 1501 3392 modo
1529 3329 1675 3418 puncta
1694 3317 1719 3390 b
1738 3325 1778 3389 et
1798 3339 1821 3390 e
1842 3314 2007 3389 eundem
2031 3310 2074 3384 in
2097 3306 2248 3383 boreali

434 3440 570 3515 annuli
616 3439 780 3538 planitie
815 3461 1007 3536 aucupare
1047 3439 1197 3531 loeum,
1233 3462 1312 3535 quo
1347 3461 1395 3513 ea
1419 3442 1572 3516 tamdiu
1601 3443 1644 3517 in
1676 3440 1839 3542 planitie
1870 3435 2037 3513 australi
2062 3433 2179 3509 firma
2206 3439 2247 3513 et

432 3561 640 3638 immutata
658 3564 955 3651 observaverat3
979 3562 1087 3659 quod
1107 3563 1278 3661 probare
1295 3562 1553 3661 opinabatur,
1577 3567 1666 3641 illos
1697 3564 1821 3641 nodos
1837 3584 1917 3636 esse
1934 3581 2024 3635 rere
2042 3556 2249 3658 prosilien-

431 3698 489 3761 tes
511 3709 672 3783 magnas
693 3687 990 3784 inaequalitates
1006 3694 1230 3777 montanas,
1255 3709 1372 3784 quae,
1398 3688 1582 3786 quoniam
1604 3711 1677 3788 per
1698 3692 1723 3765 5
1752 3688 2061 3762 observabantur
2079 3708 2245 3779 menses,

435 3813 496 3888 rel
514 3813 692 3913 proxime
722 3814 829 3911 parti
860 3811 1051 3889 anteriori
1082 3810 1350 3886 meridionalis
1382 3815 1519 3891 annuli
1549 3814 1728 3914 planitiei
1748 3815 1928 3911 jaoeant,
1960 3827 2001 3890 et
2033 3822 2114 3887 tam
2144 3812 2246 3886 altae

430 3961 511 4014 esse
529 3940 718 4031 debeant,
743 3949 790 4013 ut
814 3963 840 4013 a
859 3940 940 4014 sole
960 3939 1032 4038 qui
1052 3938 1109 4012 ibi
1140 3960 1269 4012 mense
1289 3938 1411 4016 Junio
1427 3942 1514 4039 jam
1539 3939 1757 4032 oeciderat,
1778 3940 1908 4017 adhue
1928 3950 2084 4041 possent
2100 3940 2245 4014 illumi·

430 4065 542 4154 nari,
565 4066 648 4157 rel,
674 4065 782 4163 quod
808 4064 884 4163 ipsi
903 4061 1168 4140 verosimilius
1187 4064 1416 4161 ridebatur,
1439 4069 1487 4144 iu
1509 4067 1696 4143 ambobets
1718 4066 1858 4169 ptine
1887 4076 2109 4144 etmarias
2132 4088 2244 4141 mon·

430 4195 551 4261 tanae
575 4190 779 4287 prasiiire.

474 4312 548 4388 Die
575 4313 844 4391 bNovembris
874 4312 925 4416 (5)
955 4313 1060 4391 idem
1089 4312 1342 4413 reperiebat.⁴
1376 4313 1451 4392 &d
1477 4311 1591 4393 valde
1616 4315 1869 4394 memorabile
1897 4316 1974 4419 ipsi
2004 4317 2241 4410 ridebatur,

469 4692 517 4781 (1)
540 4690 718 4783 Kronogr.
739 4690 888 4783 Fragm.
918 4688 979 4760 rh.
998 4691 1026 4761 l.
1057 4716 1132 4786 pap.
1156 4694 1232 4765 171.

469 4801 517 4888 (2)
542 4801 672 4870 Confer.
697 4798 776 4892 Gap.
801 4800 842 4869 V.
873 4802 904 4887 ς.
929 4803 984 4870 23.

468 4909 517 5000 (3)
541 4910 718 5003 Kronogr.
738 4909 886 5002 Fragm.
898 4958 908 4991 ,
934 4908 997 4984 Th.
1013 4910 1043 4982 Ι.
1071 4935 1146 5006 pap.
1166 4915 1242 4985 17².

467 5018 516 5107 (l)
539 5017 693 5101 Ibidem,
721 5040 795 5111 pap.
815 5021 892 5090 174.
