4970 6164
1202 528 1516 613 ..236-

447 735 557 813 tenid
576 728 714 808 annuli
734 726 899 830 planitie
928 735 1165 827 portentur,
1189 726 1258 800 sed
1289 750 1384 801 vera
1415 748 1497 801 asse
1526 725 1709 803 eoelestia
1739 752 1929 829 oorpora,
1955 731 2159 821 satellites,
2185 731 2280 828 qui,

446 871 590 936 mutua
611 881 686 935 sua
714 858 949 933 adhaesione
977 855 1208 953 constipati,
1243 864 1457 953 propterea
1482 876 1620 928 areum
1647 855 1762 931 illum
1788 881 1974 956 magnum
2000 858 2280 946 formaverint,

447 987 718 1084 annulumque
744 983 982 1075 clauserint,
1008 982 1081 1079 qui
1096 982 1222 1056 libere
1239 981 1365 1079 cingit
1394 979 1604 1080 planetam.
1653 979 1838 1081 Fortasse
1858 1007 2039 1084 quoque,
2065 983 2282 1065 seeundum

448 1118 535 1214 ejus
556 1112 807 1201 sententiam,
833 1119 979 1208 septem
1012 1108 1221 1198 satellites,
1246 1111 1318 1207 qui
1350 1109 1566 1185 Saturnum
1593 1108 1860 1203 circumdant,
1885 1111 1944 1185 nil
1958 1109 2072 1186 aliud
2090 1118 2183 1184 sunt
2197 1109 2282 1191 nisi

445 1246 577 1320 frusta
600 1238 739 1314 annuli
763 1236 932 1332 alicujus
954 1234 1141 1333 disrupti.
1194 1234 1297 1308 Dum
1316 1235 1360 1307 in
1383 1236 1601 1331 praesentis
1618 1236 1756 1311 annuli
1777 1235 2281 1328 formatione„multitudo

443 1370 662 1458 montium,
686 1366 770 1439 fere
805 1361 1038 1460 aequalibus
1068 1360 1287 1452 distantiis,
1312 1362 1420 1438 cirea
1450 1359 1649 1459 planetam
1680 1362 1732 1436 ad
1767 1363 1939 1438 solidum
1965 1384 2102 1438 areum
2129 1384 2172 1436 se
2203 1361 2281 1436 sibi

445 1498 613 1573 inrieem
648 1493 879 1590 alligarent,
911 1488 963 1563 ab
996 1487 1211 1562 universali
1239 1489 1540 1586 eonjunctione,
1575 1498 1744 1587 septem,
1777 1488 1888 1588 iique
1910 1490 2056 1564 horum
2086 1486 2280 1562 montium

445 1623 605 1700 maximi
615 1618 875 1714 altissimique
891 1614 1112 1715 potuissent
1128 1637 1168 1688 se
1184 1613 1429 1707 distrahere,
1456 1625 1499 1688 ut
1511 1614 1752 1713 peculiaria,
1778 1638 1852 1712 per
1869 1639 1909 1691 se
1931 1614 2280 1690 subsistentiaoor-

444 1773 566 1850 pora,
592 1746 779 1822 satellites
793 1745 1032 1830 formarent3
1053 1752 1125 1814 aut
1144 1742 1330 1831 fortasse,
1356 1740 1512 1837 inquit,
1535 1742 1601 1816 hio
1623 1739 1793 1815 annulus
1816 1751 1874 1817 est
1893 1764 2039 1832 massa,
2053 1764 2164 1839 ,quae
2183 1765 2280 1816 non·

445 1876 542 1950 dum
559 1873 611 1946 ad
636 1873 850 1971 perfectam
883 1867 1148 1942 evolutionem
1182 1867 1432 1963 pervenerit,
1457 1891 1505 1942 ao
1528 1878 1618 1966 post
1642 1866 1856 1943 satellitum
1882 1869 2046 1943 illorum
2076 1867 2283 1943 formatio·

441 2018 532 2078 nem
554 1999 821 2096 superfuerit,
846 2004 886 2069 et
907 2018 953 2070 ex
978 2017 1059 2092 qua
1081 1994 1344 2091 inposterum
1365 1994 1459 2069 nori
1476 2017 1516 2068 se
1534 1992 1716 2070 erolrent
1738 1993 1946 2079 satellitem
1971 2014 2074 2089 qnae
2092 1992 2283 2091 hypothe-

443 2129 520 2220 sis,
546 2137 594 2202 nt
612 2127 697 2224 ipse
717 2124 859 2213 sentit,
883 2122 1192 2210 corroboratur,
1218 2119 1406 2218 quoniam
1424 2142 1488 2196 sex
1507 2121 1692 2220 priorum
1717 2119 1932 2196 satellitum
1967 2119 2122 2195 orbitae
2147 2144 2281 2199 omnes

443 2256 486 2330 in
507 2252 647 2329 annuli
664 2249 784 2349 plano
808 2248 907 2321 sitae
925 2247 1015 2319 sint.

337 2474 340 2481 ι
492 2378 550 2454 Ut
567 2379 731 2466 seimus,
755 2375 925 2449 iaceam
949 2371 1103 2445 Clssmr
1127 2366 1180 2468 (1)
1213 2392 1374 2467 quoque
1412 2369 1631 2463 statuebat,
1655 2372 1847 2448 annulum
1871 2394 1917 2447 ex
1952 2374 2167 2450 satellitum
2189 2398 2282 2451 oon-

441 2506 552 2605 gerie
582 2510 786 2590 oonstare,
810 2499 882 2597 qui
914 2519 1048 2572 omnes
1074 2496 1118 2571 in
1151 2518 1233 2569 uno
1255 2496 1470 2594 eodemque
1500 2498 1620 2595 plano
1651 2499 1917 2575 revolutiones
1948 2524 2038 2577 suas
2062 2502 2171 2576 eirea
2198 2503 2283 2599 pla-

441 2642 571 2709 netam
591 2626 822 2728 perficiant,
850 2635 931 2699 tam
963 2634 1096 2698 autem
1126 2645 1209 2696 esse
1232 2645 1399 2721 parvos,
1424 2632 1471 2698 ut
1504 2622 1652 2720 singuli
1675 2627 1886 2721 separatim
1907 2626 2036 2701 videri
2060 2640 2280 2725 nequeant,

438 2769 478 2833 et
501 2768 586 2833 tum
602 2776 730 2854 prope
754 2753 830 2827 sibi
860 2752 1028 2826 invioem
1055 2750 1168 2839 sitos,
1193 2758 1241 2822 ut
1272 2772 1412 2824 eorum
1438 2748 1558 2824 etiam
1575 2749 1703 2848 spatia
1728 2751 1963 2827 intermedia
1995 2755 2167 2852 oonspioi
2196 2778 2280 2831 uon

438 2883 611 2984 possint,
637 2890 758 2977 atque
778 2880 839 2953 ita
858 2878 1091 2953 eontinuum
1118 2898 1265 2975 eorpus
1296 2895 1531 2978 eomponere
1563 2875 1787 2952 videantur.
1836 2878 1946 2956 Haeo
1979 2881 2098 2957 etiam
2119 2880 2282 2959 Mouta-

439 3034 483 3087 nr
507 3008 559 3108 (2)
586 3006 778 3083 sententia
794 3005 889 3082 fuit.

1307 3202 1340 3305 t.
1375 3209 1412 3283 e.

488 3404 548 3480 Ex
573 3400 865 3478 universalibus
886 3398 1154 3479 fundamentis
1179 3397 1351 3498 physicis
1373 3395 1482 3475 Bona
1512 3397 1565 3499 (3)
1590 3400 1831 3500 opinabatur
1859 3424 1900 3477 se
1922 3403 2110 3504 oolligere
2139 3424 2278 3501 posse,

440 3530 633 3606 annulum
657 3528 754 3604 olim
778 3534 947 3628 propter
965 3529 1048 3603 rim
1069 3527 1282 3604 eentralem
1305 3548 1407 3625 quae
1426 3526 1470 3600 in
1494 3523 1712 3602 Saturnum
1737 3539 1855 3627 agat,
1880 3553 1990 3607 suam
2019 3530 2213 3629 originem
2231 3550 2280 3604 ex

439 3659 621 3760 planetae
642 3655 763 3751 hujus
783 3653 991 3751 superficie
1013 3654 1099 3753 ipsa
1125 3653 1328 3744 sumsisse,
1352 3660 1473 3748 atque
1494 3673 1534 3725 se
1559 3651 1654 3728 hine
1683 3654 1742 3730 ita
1761 3656 1970 3749 formasse,
1993 3657 2066 3731 ubi
2090 3655 2281 3732 matrifa-

439 3809 492 3886 ge
512 3785 594 3869 ris,
617 3782 661 3855 in
679 3780 869 3879 sphaerae
888 3779 1052 3855 Saturni
1080 3781 1280 3855 rotatione
1310 3778 1552 3854 validissima
1572 3789 1693 3868 esset,
1718 3780 1759 3855 h.
1783 3804 1815 3856 e.
1834 3785 1921 3882 ejus
1945 3783 1989 3857 ln
2006 3782 2122 3858 initio
2140 3781 2282 3858 molles

439 3910 693 4010 liquidasque
714 3914 850 4005 partos
877 3907 920 3983 in
943 3906 1171 4007 aequatoris
1192 3905 1355 3981 Saturni
1374 3905 1631 3980 directionem
1656 3905 1902 4005 distorqueri
1926 3920 2047 4008 atque
2073 3909 2134 3982 ita
2157 3909 2278 3983 etiam

441 4062 562 4139 quam
575 4060 699 4125 nuno,
726 4042 817 4133 post
840 4033 1012 4108 solidum
1031 4056 1177 4132 eorpus
1206 4034 1333 4108 saettrs
1351 4041 1427 4122 est,
1452 4039 1695 4130 praesentem
1708 4033 1849 4110 oirouli
1870 4036 1991 4110 situm
2002 4033 2164 4129 effieere.
2213 4035 2279 4109 Se-

441 4163 615 4241 eundum
632 4164 717 4259 ejus
734 4182 830 4257 ergo
842 4159 1068 4258 opinionem
1080 4161 1246 4233 maxime
1259 4160 1481 4235 verosimile
1497 4169 1618 4250 esset,
1643 4181 1796 4235 omnem
1808 4161 1895 4260 ejus
1906 4160 2073 4237 solidam
2089 4184 2276 4255 massam,

440 4294 609 4388 propter
629 4284 791 4358 Saturni
827 4283 1189 4382 propinquitatem,
1215 4283 1394 4381 aeeipere
1422 4284 1737 4383 proclivitatem,
1775 4285 1962 4382 sphaerae
1989 4286 2153 4363 Saturni
2171 4297 2280 4363 rota·

434 4413 589 4491 tionem
621 4406 893 4506 sequendi3si
928 4430 1025 4507 ergo
1055 4409 1152 4483 haee
1183 4409 1332 4485 rotatio
1365 4433 1446 4486 non
1471 4411 1585 4485 lieret
1618 4409 1661 4485 in
1688 4414 1918 4507 aequatoris
1947 4412 2086 4510 plano,
2120 4422 2161 4487 et
2182 4412 2280 4490 hino

440 4540 582 4630 etiam,
606 4546 654 4610 ut
685 4533 853 4610 maxime
881 4533 1098 4613 seeundum
1127 4545 1315 4612 naturam
1335 4545 1414 4628 est,
1439 4536 1558 4612 simul
1588 4536 1631 4611 in
1653 4537 1791 4613 annuli
1822 4538 1946 4637 ipsius
1973 4541 2113 4639 plano,
2139 4540 2278 4637 paucis

452 4748 695 4778 an*-

489 4893 538 4976 (1)
563 4891 670 4960 Mem.
695 4888 738 4956 de
755 4887 897 4959 I'Aead.
915 4885 1037 4974 royate
1056 4886 1118 4953 deo
1139 4885 1300 4955 Sm'eneee
1311 4935 1321 4968 ,
1345 4885 1448 4952 anate
1466 4882 1662 4956 uacent.
1693 4908 1766 4977 pag.
1786 4889 1840 4957 47.

490 5003 540 5085 (2)
563 5000 753 5065 Nouveaux
778 4999 885 5068 Mem.
916 4998 959 5064 de
995 4994 1137 5066 I'Aaad.
1171 5000 1292 5087 royele
1328 4996 1389 5064 det
1420 4992 1580 5064 Seleucea
1611 4995 1654 5064 de
1679 4996 1828 5079 Berlin,
1861 5000 1963 5067 tuate
1991 4996 2264 5073 abactam.

443 5133 517 5204 pag.
543 5110 621 5175 326.

428 5222 434 5232 ’
489 5218 538 5311 (3)
563 5217 707 5288 Astron.
728 5217 855 5289 Jatrt.
882 5222 981 5293 ttae.
1008 5243 1083 5313 pap.
1106 5221 1183 5290 ttl.
