4970 6164
1267 541 1331 567 -··
1372 500 1460 581 ’218
1516 529 1572 565 ¹¹·

535 687 581 764 ln
603 687 666 765 his
694 690 896 790 parallelis
918 694 1107 792 sphaerae
1136 689 1299 775 Saturni
1330 696 1448 775 simul
1469 694 1589 773 etlam
1615 693 1746 773 locum
1766 692 1911 771 habeat
1945 690 2127 770 mutuae
2156 691 2305 794 optleae

487 811 769 891 diminutiones
789 815 998 916 planorum
1017 816 1268 899 armulcrunr.
1319 816 1414 896 Ioci
1437 828 1569 892 autem
1585 817 1655 892 nbi
1675 816 1812 895 annuli
1826 815 2013 892 latissimo
2035 815 2243 904 videntur,
2268 816 2310 897 ln
2438 848 2457 913 ,¹

486 947 635 1036 puncta
653 935 818 1030 cadunt
843 964 945 1038 quae
963 944 1129 1042 propius
1150 952 1404 1041 aequatorem
1422 943 1583 1019 Saturni
1589 946 1723 1043 jacent
1743 941 1920 1041 reliquis.
1968 938 2193 1017 Invenimus
2204 941 2309 1038 qued

482 1062 540 1137 ad
559 1063 662 1138 illud
682 1066 824 1138 attinet

487 1218 699 1309 marinam
719 1219 941 1295 latitudinis
966 1221 1104 1297 armerlr
1121 1222 1329 1319 exterrens
1395 1278 1407 1301 .
1459 1280 1469 1300 .
1520 1279 1529 1299 .
1572 1215 2153 1320 3⁰19,l,quedadparallelum
2165 1220 2232 1295 11
2242 1222 2311 1310 bil,
2442 1270 2443 1291 .

584 1375 602 1418 s
811 1373 828 1418 s
962 1347 1167 1422 anatona
1218 1400 1531 1424 ......
1559 1356 1563 1364 ·
1629 1350 1727 1437 era
1798 1375 1813 1419 s
1880 1379 1894 1418 s
2032 1334 2057 1417 ι’
2171 1345 2221 1421 n
2245 1347 2309 1429 ses
2439 1332 2456 1397 Τ

587 1497 603 1541 r
810 1501 827 1545 r
962 1475 1322 1549 annuliinterioris
1392 1528 1402 1545 .
1455 1476 1722 1564 ..tiled
1795 1502 1810 1547 t
1876 1502 1891 1545 r
2028 1496 2044 1541 1
2166 1471 2309 1567 353οῑ

584 1622 600 1666 s
811 1624 827 1669 s
963 1599 1085 1672 tetius
1105 1602 1323 1695 systematis
1339 1598 1520 1675 annulor.
1548 1604 1595 1675 15
1620 1602 1716 1690 26,2
1801 1628 1816 1671 s
1885 1627 1900 1668 s
2033 1624 2048 1667 a
2172 1593 2219 1671 37
2243 1594 2307 1670 30

536 1753 592 1829 Ut
609 1766 902 1853 computemus,
926 1758 1125 1855 quomodo
1142 1782 1185 1833 se
1204 1761 1347 1835 hebeat
1366 1761 1674 1836 illuminationes
1696 1759 1933 1835 annulorum
1966 1756 2018 1828 ad
2039 1754 2253 1889 Saturnum
2273 1763 2311 1827 et

486 1888 646 1968 contra,
673 1880 875 1976 sequentia
895 1880 989 1956 data
1010 1909 1085 1984 pro
1105 1886 1190 1959 basi
1213 1888 1428 1962 sumimus.

534 2057 682 2133 Annuli
701 2058 994 2140 inclinationem
1012 2066 1064 2140 ad
1083 2069 1324 2168 eclipticam,
1348 2071 1391 2171 in
1415 2093 1518 2145 enno
1539 2071 1637 2144 1830
1711 2117 1964 2142 ·····
1993 2086 2035 2132 =
2088 2062 2152 2137 28ο
2164 2062 2310 2138 1034'2

535 2182 816 2261 Adscendentis
831 2190 927 2263 nodi
943 2191 1228 2287 longitudinem
1247 2194 1384 2269 annuli
1404 2194 1447 2268 in
1466 2192 1648 2291 ecliptica
1709 2238 1959 2264 .....
1988 2210 2034 2256 =
2060 2188 2131 2263 lut·
2157 2187 2204 2263 16
2230 2188 2278 2262 23
2302 2242 2311 2261 .

535 2310 702 2387 orbitae
722 2311 885 2387 Saturni
908 2312 1200 2386 inclinationem
1219 2318 1273 2388 ad
1293 2319 1512 2416 eclipticam
1586 2362 1959 2391 .......
1988 2336 2030 2379 =
2106 2313 2131 2384 2
2154 2313 2205 2386 29
2228 2315 2274 2386 31
2304 2392 2313 2412 ,
2442 2396 2443 2419 ¹

538 2435 820 2513 adscendentis
838 2437 928 2533 ejus
946 2436 1043 2510 nodi
1061 2437 1348 2534 longitudinem
1399 2488 1958 2515 ..........
1986 2461 2030 2502 =
2057 2437 2129 2510 112
2156 2437 2202 2509 ll
2226 2438 2275 2511 35
2301 2492 2310 2509 .
2450 2526 2451 2543 χ

535 2560 650 2636 Plani
658 2559 1077 2657 annniictaequatoris
1086 2561 1546 2639 Saturniinclinationern
1557 2561 1790 2637 adorbitam
1801 2559 1963 2634 Saturni
1986 2584 2034 2630 =
2082 2563 2132 2637 26
2156 2564 2204 2639 19
2229 2564 2277 2639 17
2299 2596 2310 2636 ·.

536 2686 640 2764 Nodi
659 2684 930 2759 adscendentis
949 2685 1238 2782 longitudinem
1281 2728 1959 2769 ............
1987 2707 2034 2753 =
2061 2684 2129 2762 171
2158 2688 2205 2763 17
2228 2687 2278 2761 31
2304 2741 2312 2757 .
2452 2702 2453 2747 ³

537 2869 594 2945 m
621 2868 816 2952 vidimus,
853 2886 1033 2961 quaeque
1065 2866 1336 2968 hemisphaera
1368 2866 1530 2941 Saturni
1565 2866 1736 2941 durante
1766 2865 1850 2960 ejus
1879 2875 2103 2964 tempestate
2138 2864 2312 2939 brumali
2438 2864 2448 2925 'l

487 3004 644 3069 tantum
667 2995 879 3067 obscurum
897 2990 1002 3063 latus
1019 2991 1156 3065 annuli
1178 3014 1300 3089 supra
1334 2991 1578 3068 hericontem
1605 3012 1719 3065 sunm
1747 2989 1887 3081 habet,
1912 2991 2021 3087 qnod
2048 2992 2087 3065 01
2103 2998 2313 3086 propterea
2432 3066 2436 3085 ,

490 3119 616 3199 lucem
634 3118 802 3191 solarem
820 3114 964 3188 aufert.
1015 3115 1091 3189 Illa
1112 3116 1270 3211 iactura
1295 3114 1397 3189 lucis
1417 3127 1569 3191 constat
1592 3140 1688 3217 ergo
1715 3117 1757 3191 in
1776 3114 1987 3213 eclipsibus
2004 3115 2118 3204 solis,
2143 3132 2314 3209 quarum
2432 3092 2436 3101 ⁵

491 3245 721 3319 curationes
735 3262 816 3315 nen
839 3238 940 3311 sicut
960 3238 1068 3337 apud
1089 3262 1161 3313 nos
1179 3262 1252 3337 per
1272 3240 1392 3315 horas
1411 3251 1450 3315 et
1469 3242 1669 3328 minutas,
1693 3238 1763 3314 sed
1779 3260 1852 3336 per
1879 3261 2001 3312 annos
2021 3247 2231 3313 terrestres
2257 3240 2314 3312 di·
2434 3220 2441 3315 's

490 3369 690 3442 metimur.
740 3363 839 3436 Cum
867 3385 991 3458 porro
1019 3366 1245 3462 aequatoris
1275 3364 1437 3439 Saturni
1463 3364 1666 3439 inclinatio
1692 3365 1746 3438 sit
1769 3364 1919 3462 major,
1953 3387 2071 3462 quam
2102 3366 2313 3439 maximam

472 3491 712 3590 ‚parallaxin
734 3510 810 3586 pro
839 3484 1101 3560 exterioribus
1128 3488 1266 3562 annuli
1300 3490 1563 3587 marginibuS‚
1587 3486 1680 3561 hine
1699 3487 1901 3583 sequitur,
1925 3510 2078 3561 omnem
2101 3488 2228 3564 lecum
2250 3514 2312 3563 su·

491 3615 668 3714 perlieiei
692 3609 877 3698 Saturni,
899 3609 973 3682 ubi
1005 3612 1143 3687 annuli
1170 3615 1343 3712 conspici
1373 3620 1559 3713 possunt,
1583 3610 1697 3687 hasce
1721 3610 1881 3710 eclipses
1899 3612 1979 3687 sive
1995 3614 2169 3691 deiectus
2188 3617 2311 3712 parti·

490 3743 638 3839 cipere.

544 3864 592 3937 In
612 3868 838 3959 tempestate
857 3858 1004 3933 aestiva
1023 3859 1242 3934 nonlocnm
1263 3859 1400 3951 habet,
1424 3870 1472 3935 nt
1488 3857 1678 3953 vidimus,
1703 3858 1803 3934 lucis
1817 3858 2000 3958 jactura3
2025 3869 2165 3933 contra
2182 3860 2313 3935 vident

492 3988 685 4064 annulum
723 3995 848 4061 totum
886 3983 1061 4058 interdiu
1100 3982 1388 4078 illuminatum,
1421 3998 1698 4085 praeterquam
1738 3985 1870 4083 quod,
1900 3985 2076 4083 proxime
2106 3986 2312 4082 aequatori

492 4115 581 4188 sitis
601 4112 844 4209 regionibus,
871 4110 1044 4183 manain
1067 4109 1265 4183 occidente
1285 4120 1325 4185 ct
1346 4132 1503 4209 vespere
1522 4112 1563 4185 in
1584 4112 1754 4200 oriente,
1780 4129 1903 4206 parva
1922 4108 2005 4204 ejus
2024 4130 2117 4205 pars
2138 4131 2207 4207 per
2223 4108 2311 4182 bre·

498 4261 544 4311 ve
565 4246 719 4333 tempus
745 4259 824 4310 non
847 4235 1082 4308 luminatum
1111 4245 1252 4308 manet.
1303 4239 1378 4309 Per
1399 4246 1531 4309 noctes
1555 4232 1763 4334 partialem
1786 4226 2111 4306 illuminationem
2135 4230 2309 4305 afferunt

491 4361 655 4449 aunarii,
681 4358 749 4430 sed
780 4359 902 4432 variis
933 4358 1054 4447 locis,
1087 4359 1239 4454 magnis
1274 4357 1529 4448 differentiis3
1566 4378 1657 4432 nam
1688 4356 1851 4453 insigms
1880 4356 2117 4431 annulorum
2150 4379 2246 4454 pars
2273 4366 2313 4430 et

496 4483 657 4582 quidem
691 4505 738 4554 ce
767 4505 885 4579 pars,
921 4506 1023 4581 qnae
1049 4480 1178 4557 mealia
1204 4491 1319 4555 nocte
1346 4484 1517 4556 medinm
1553 4481 1718 4557 risibilis
1751 4480 1851 4555 eecli
1886 4491 2071 4578 occupat,
2106 4505 2132 4554 a
2158 4483 2314 4579 planeta
2435 4548 2440 4595 ἰ

495 4610 761 4685 adumbratur
783 4606 907 4702 litque
923 4610 1091 4682 fortasse
1117 4614 1213 4679 tuno
1237 4606 1364 4680 solum
1382 4608 1583 4681 stellarum
1606 4608 1771 4681 fixarum
1790 4603 2049 4689 occultatione
2070 4606 2245 4701 risibilis.
2435 4602 2440 4701 j

546 4736 602 4811 Ut
639 4756 734 4831 ergo
770 4732 867 4807 baec
899 4732 1142 4827 aliquantum
1169 4730 1362 4829 irnplicita
1387 4732 1651 4830 phaenomena
1681 4752 1797 4827 quam
1829 4728 2056 4825 brevissime
2087 4741 2127 4804 et
2166 4733 2312 4829 perspi·
2435 4732 2441 4809 ἱ

499 4883 573 4934 ene
604 4858 801 4947 efficiant,
837 4866 1025 4954 punctum
1066 4856 1351 4951 aequinoctiale
1390 4858 1615 4933 autumnale
1659 4853 1950 4950 lremisphaerae
1987 4858 2312 4952 septemtrionalis
2435 4860 2439 4899 ³

500 4983 604 5078 (171ο
616 4983 676 5060 ]7’
685 4985 756 5058 31
759 4983 772 5079 t
796 4992 999 5056 assumunt
1023 4993 1211 5077 tanquam
1241 5005 1331 5058 nero
1357 4993 1396 5056 et
1420 4983 1513 5057 hinc
1540 5001 1747 5057 numerare
1772 4978 1974 5076 incipiunt
2024 4978 2112 5077 Quo
2147 4982 2236 5071 fret,
2271 4991 2314 5085 nt
2427 4988 2437 4999 ’“

497 5106 567 5183 9⁰
589 5105 737 5202 ubique
759 5106 801 5180 in
822 5107 921 5182 hanc
944 5106 1289 5205 hemisphacram
1276 5127 1319 5179 m
1343 5106 1615 5181 obscuratione
1635 5103 1764 5179 media
1780 5102 1919 5194 cadat,
1944 5103 2021 5201 qni
2033 5104 2150 5180 simul
2167 5074 2314 5205 ubique
2431 5112 2437 5193 l

495 5230 609 5308 locus
624 5239 687 5303 cst
704 5230 952 5308 brevissimae
974 5233 1069 5310 solis
1087 5253 1221 5309 merae
1243 5251 1364 5328 supra
1381 5229 1623 5306 horizontem
1642 5236 1762 5327 atque
1786 5226 1844 5300 ita
1869 5225 2080 5304 solstitium
2103 5226 2330 5306 brumales
