5032 6170
1005 549 1326 641 “177-

267 746 386 827 debat
407 744 682 829 flammans
704 747 777 851 (1),
801 749 979 852 planatae
995 756 1177 834 umbram
1197 755 1445 853 ininferiore
1462 758 1590 857 partis
1607 755 1743 832 annutli
1764 753 1934 830 borealis
1948 763 2085 854 parte,

269 885 310 950 et
333 879 378 953 11
403 876 501 974 Maji
521 877 587 951 die
611 878 729 968 1780,
754 878 837 952 fere
856 877 900 957 in
928 878 1082 956 mulo
1107 878 1242 955 medic
1268 881 1376 955 inira
1409 880 1626 980 planetam,
1650 880 1694 955 in
1713 879 1922 977 utriusque
1941 879 2086 971 latere,

270 1025 296 1077 a
318 1001 399 1077 sule
420 1024 615 1078 aversum.
662 1002 809 1079 Eodem
835 1003 955 1081 modo
988 1006 1055 1081 die
1083 1007 1132 1082 17
1152 1005 1292 1083 Martii
1311 1003 1538 1105 Aprilisque
1560 1008 1604 1097 3,
1628 1003 1722 1085 anni
1743 1004 1863 1095 1771,
1887 1005 2024 1079 annuli
2040 1005 2083 1080 in

270 1126 399 1205 medio
416 1128 575 1227 planeta
596 1128 778 1203 umbram
815 1127 973 1227 uidebat
1001 1132 1269 1209 extendentem
1292 1154 1334 1207 se
1351 1134 1404 1209 ab
1420 1155 1501 1209 una
1525 1130 1715 1231 marginis
1738 1130 1791 1204 ad
1814 1129 1978 1205 alteram
1997 1129 2083 1229 ejus

318 1377 408 1455 Huc
426 1380 545 1454 etiam
564 1379 713 1456 accedit
730 1381 810 1472 ris,
836 1404 956 1480 quam
978 1384 1020 1458 in
1043 1380 1254 1460 satellitum
1276 1378 1406 1461 motus
1425 1386 1575 1460 exercet
1600 1381 1790 1469 annulus3
1824 1381 1920 1455 baec
1949 1388 2081 1453 autem

269 1514 434 1601 apparet
452 1527 501 1582 ex
517 1526 654 1583 eorum
681 1508 965 1583 revolventium
1000 1520 1179 1586 motuum
1205 1512 1520 1609 irregularitate,
1552 1534 1632 1585 non
1661 1508 1732 1584 alii
1751 1506 1964 1607 tribuenda
1991 1527 2083 1581 cau·

269 1652 352 1720 sae,
387 1652 507 1727 quam
538 1633 790 1727 attrwtioui,
821 1658 942 1733 quam
977 1638 1163 1713 maumas
1188 1640 1388 1735 quantitas
1421 1635 1558 1712 annuli
1588 1634 1754 1735 propria
1781 1630 1825 1711 in
1862 1632 1934 1705 hos
1955 1636 2086 1705 motus

267 1765 429 1831 exercet.

1033 1946 1040 1957 ·
1120 1915 1237 2017 §.a

318 2103 540 2203 Corporum
559 2105 781 2183 welestium
799 2129 962 2183 massam
984 2133 1030 2185 ex
1052 2110 1276 2198 effectibus,
1301 2108 1492 2184 duntaxat
1515 2128 1617 2204 quos
1649 2107 1891 2206 producant,
1915 2097 2081 2176 definire

270 2253 497 2327 pessumum
535 2231 593 2306 ita
625 2233 836 2308 satellitum
871 2257 1018 2308 massae
1040 2236 1285 2310 definiuntur
1319 2255 1341 2306 e
1374 2235 1523 2308 mutuis
1549 2256 1687 2309 eorum
1715 2231 2006 2315 affectionibus,
2039 2222 2083 2294 id

270 2367 352 2448 est,
374 2357 797 2456 aperturbationibus‚
822 2381 923 2454 quae
937 2381 984 2432 ex
1002 2382 1139 2434 eorum
1161 2359 1465 2434 attractionibus
1492 2357 1710 2457 profluunt.
1758 2357 1931 2431 Definim
1951 2349 2085 2425 unius·

270 2482 459 2579 cnjusque
489 2483 667 2558 satellitis
706 2505 871 2558 massam
914 2486 1063 2581 optimc
1097 2508 1274 2561 successu
1305 2508 1535 2584 possumus,
1569 2483 1756 2558 sumendo
1780 2482 1966 2556 maximas
1986 2502 2085 2578 quas

269 2607 298 2685 ii
319 2608 545 2705 producunt
573 2608 836 2697 efficacitates3
860 2618 901 2683 et
922 2610 1028 2686 huna
1056 2611 1099 2684 in
1118 2610 1235 2685 finem
1252 2634 1299 2685 er
1323 2609 1668 2709 inaequalitatibus
1697 2607 2006 2703 uniuscujusque
2026 2628 2085 2678 sa-

272 2733 411 2807 tellitis
433 2756 631 2809 sumamus
646 2755 784 2825 unam,
807 2756 910 2832 quae
931 2745 1080 2810 ceteras
1102 2734 1219 2834 longe
1252 2746 1430 2836 superet;
1463 2738 1547 2835 ejus
1578 2732 1850 2811 coiffidentem
1872 2753 1969 2828 ergo
1994 2752 2086 2804 eum

269 2858 437 2932 maximo
456 2859 630 2958 ejsudem
648 2859 958 2958 inaequalitatis,
983 2882 1085 2957 quae
1102 2884 1177 2960 per
1195 2862 1484 2937 observationes
1512 2846 1654 2951 datur,
1677 2880 1967 2956 comparemus3
2002 2878 2086 2951 quo

268 2982 374 3056 facto
395 2984 529 3058 statim
552 3009 737 3076 massam,
761 3010 787 3062 a
815 3007 894 3082 qua
923 2984 1159 3084 dependeat,
1196 2987 1373 3063 invenire
1401 3009 1617 3086 possumus.
1665 2983 1828 3058 Valeres
1862 2984 1921 3058 ita
1947 2983 2080 3055 inven-

266 3112 328 3177 tos
350 3104 393 3177 in
413 3108 612 3202 terminis,
636 3134 735 3207 quos
762 3111 804 3185 in
832 3106 969 3203 priore
995 3109 1223 3205 operatione
1252 3111 1542 3209 neglexeramus
1571 3108 1719 3209 quique
1748 3108 1800 3183 ab
1831 3106 1931 3201 aliis
1949 3104 2086 3199 massis

268 3228 511 3325 dependent,
533 3233 830 3324 substituentes,
855 3235 1068 3332 aliquantu,
1080 3237 1345 3321 accuratiores
1358 3233 1598 3309 inveniemus
1621 3231 1784 3306 valeres.

316 3350 394 3426 Per
412 3356 684 3431 attractionem
711 3378 820 3430 suam
842 3359 1220 3458 annulus-magnam
1240 3360 1283 3436 in
1305 3358 1489 3436 satellites
1514 3357 1777 3432 efficacitatem
1803 3366 1973 3442 exeruet3
1997 3376 2083 3427 eam

267 3475 450 3571 sequitur
471 3478 596 3553 lineae
627 3480 807 3555 absidum
835 3493 974 3557 motus.
1025 3480 1170 3560 lineae
1205 3485 1386 3559 absidum
1419 3486 1572 3559 orbitae
1601 3479 1738 3579 quarti
1764 3478 1943 3573 satellitis
1973 3486 2084 3551 motu

266 3600 366 3673 usus
398 3613 457 3676 est
486 3602 682 3682 ansnans
718 3605 794 3703 (2),
826 3605 878 3679 ad
913 3605 1175 3685 definiendam
1204 3610 1341 3684 annuli
1378 3590 1564 3696 massam3
1598 3629 1644 3679 eo
1676 3603 1837 3678 consilio
1865 3602 2084 3676 assumebat

268 3724 406 3799 annuli
436 3726 600 3818 limites,
632 3738 818 3826 tanquam
854 3729 1003 3805 ciream
1030 3733 1192 3810 Saturni
1222 3743 1425 3825 centrum,
1462 3757 1550 3807 eum
1580 3728 1704 3804 radiis
1735 3758 1752 3821 ρ
1782 3724 1821 3800 et
1852 3739 1880 3822 ρ’
1913 3723 2087 3800 circulos
2163 3738 2166 3755 ·

267 3849 506 3949 descriptos,
539 3855 786 3952 ponebatque
814 3856 950 3931 annuli
969 3881 1132 3936 massam
1154 3861 1198 3935 M
1220 3871 1266 3934 ut
1296 3859 1404 3933 iuter
1424 3858 1496 3930 bos
1515 3855 1684 3930 circulos
1712 3850 1930 3948 aequaliter
1959 3845 2084 3944 parti-

267 3978 361 4048 tam.
409 3975 578 4051 Mediam
611 3976 836 4053 distantiam
864 3981 1043 4059 satellitis
1072 4006 1145 4082 per
1175 3992 1227 4070 Δ;
1263 3981 1593 4059 excentricitatem
1629 4001 1702 4077 per
1733 4000 1774 4062 e;
1811 3972 2087 4066 sidereumque

268 4098 526 4173 revolutionis
543 4108 696 4199 tempus
728 4125 800 4199 per
822 4103 853 4177 T
873 4127 1117 4204 proponens3
1141 4100 1377 4203 sequentem
1393 4104 1604 4179 formulam
1635 4094 1949 4186 nanciscebatur,
1974 4093 2083 4192 quod

267 4220 320 4293 ad
344 4221 468 4295 lineae
487 4223 667 4297 absidum
688 4225 729 4298 in
751 4249 855 4303 anno
873 4231 1036 4307 iuliano
1058 4239 1231 4305 motum·
1318 4322 1322 4329 1
2070 4236 2089 4259 “’

753 4671 911 4867 Τ(Ξ
925 4614 1042 4865 a‘)
1065 4664 1121 4866 ζ
1151 4658 1263 4760 (ρ
1146 4661 1569 4893 ΔἻΤῌἨ-Τ-Τονρ)
1597 4674 1739 4868 (ΤΤΞ
1751 4726 1802 4824 ⁰)

282 5068 362 5174 ¹⁸¹(1t
385 5044 594 5181 Paltosopt,
617 5048 897 5164 Transcellal.
919 5094 1050 5166 naal.
1064 5093 1201 5185 fortia
1226 5090 1325 5162 Year
1344 5093 1443 5166 1790.
1475 5092 1562 5162 Part.
1580 5088 1606 5160 l.
1639 5113 1713 5183 paq.
1731 5094 1764 5160 5.
1872 5120 1877 5127 ·
1998 5088 2037 5099 ““

312 5196 361 5284 (2)
386 5196 528 5271 Astron.
553 5200 708 5282 Neela,
731 5200 771 5273 B.
789 5204 850 5276 lx.
873 5205 933 5276 ΝΟ.
954 5207 1028 5273 139.
1051 5227 1127 5297 paq.
1148 5204 1202 5275 28.

1786 5310 1824 5372 23
