4978 6160
1249 590 1537 671 ...(4...

541 792 650 870 Lioet
670 790 727 866 ln
742 785 874 871 Linos
892 788 944 887 (l)
969 785 1246 870 wobsorvasae
1257 783 1390 876 dieat,
1406 781 2058 884 non-prturdnpamraannulum,
2082 787 2304 892 qumnipso

490 920 580 1014 dia,
605 942 685 1019 quo
704 939 778 1017 per
797 925 928 989 terrae
946 924 1124 996 nentrum
1156 921 1329 989 transeat
1344 910 1481 995 annuli
1508 909 1686 1010 planum3
1719 911 1929 986 ostendunt
1959 922 2087 989 amen
2111 913 2299 992 dissiden-

491 1058 548 1122 tes
578 1049 629 1121 ab
656 1067 702 1120 eo
734 1039 1048 1131 observationes,
1081 1061 1203 1140 quam
1244 1058 1386 1137 parum
1421 1058 1468 1111 ea
1501 1036 1552 1111 de
1579 1059 1639 1111 re
1658 1046 1818 1113 eonstet.
1873 1036 1960 1114 lloe
1994 1049 2125 1115 tamen
2157 1062 2295 1119 rerum

489 1196 591 1263 esse,
611 1180 778 1271 propter
796 1176 928 1241 terrae
947 1177 1117 1259 motum,
1142 1166 1392 1267 majoranum
1410 1161 1609 1245 eeleritate
1626 1162 1835 1239 transitum
1846 1162 1955 1262 plant
1973 1165 2296 1265 ermuliperoen·

488 1310 597 1373 trum
619 1308 750 1372 tarrae
771 1292 966 1383 transire,
985 1315 1102 1389 quam
1118 1315 1192 1393 per
1212 1291 1305 1367 solis
1326 1299 1528 1383 nentrum,
1552 1310 1676 1388 eoquo
1702 1289 1840 1365 melius
1861 1312 1978 1388 posse·
1998 1289 2299 1389 disparitionem

489 1425 711 1515 observari,
736 1441 837 1518 quae
861 1419 1054 1517 originem
1086 1417 1228 1496 habeat
1257 1438 1306 1494 er
1322 1415 1506 1503 transitu,
1523 1438 1611 1522 per·
1624 1425 1755 1497 marae
1787 1425 1988 1507 anuum,
2012 1439 2131 1514 quam
2161 1417 2296 1510 illam,

487 1573 587 1646 quae
617 1570 663 1623 ex
699 1545 867 1620 transitu
891 1567 963 1643 per
985 1553 1165 1626 centrum
1192 1543 1284 1624 solis
1307 1542 1475 1618 oriatur.
1522 1540 1611 1618 flue
1636 1541 1808 1634 aeoedit,
1832 1540 1976 1618 habere
1989 1566 2073 1618 ⁴nos
2104 1543 2211 1642 quod
2239 1541 2295 1619 ad

487 1688 623 1752 terrae
652 1672 842 1746 transitus
866 1670 969 1744 duas
995 1670 1136 1768 pheses
1158 1668 1535 1768 correspondentes,
1564 1688 1755 1775 sae1taque
1781 1677 1862 1747 tres
1897 1669 2086 1749 transitus
2110 1667 2298 1745 intervals

485 1802 524 1876 lo
548 1824 627 1876 non
645 1820 810 1896 magno,
836 1818 915 1892 quo
949 1795 1018 1885 iit,
1050 1805 1097 1869 nt
1125 1792 1400 1870 determinatio
1431 1817 1581 1894 semper
1609 1794 1833 1871 aesuratius
1861 1793 1944 1869 fiat.
2003 1792 2233 1886 Praeterea,
2258 1795 2305 1870 si‘

485 1928 634 2003 occasio
663 1948 702 1999 se
730 1923 941 2023 praebeat,
963 1919 1172 2019 diligenter
1197 1920 1404 2001 attendere·
1430 1918 1634 2012 debemus,
1665 1930 1713 1994 ut
1744 1920 1787 1996 in
1817 1918 2079 2019 disparitione
2108 1919 2305 1999 ultimum·

487 2055 594 2130 diem
622 2054 893 2138 observemus»,
928 2068 1017 2152 qno
1038 2044 1232 2125 annulum
1257 2045 1527 2144 oonspieamur
1557 2056 1607 2119 et*
1630 2045 1803 2143 primum
1835 2045 1968 2136 diem,
2002 2068 2094 2142 quo⁴
2113 2046 2195 2121 siue
2224 2070 2294 2123 an·

483 2179 578 2253 nulo
609 2178 805 2275 planetam
840 2172 1038 2263 videmus,
1071 2180 1195 2267 atque-
1224 2169 1330 2267 apud
1355 2169 1684 2268 reapparitionem
1714 2171 1906 2246 ultimum·
1934 2171 2060 2262 diem,
2093 2194 2173 2269 quo
2201 2195 2308 2249 eon·-

483 2304 687 2401 spioamur
711 2301 908 2400 planetam
930 2297 1012 2372 sine
1035 2295 1204 2387 annulo,
1228 2295 1504 2399 primumque,
1530 2318 1611 2392 quo
1632 2298 1769 2373 annuli
1790 2297 1966 2374 ridemus
1986 2297 2148 2395 vestigia
2165 2297 2307 2390 diem,

483 2428 588 2503 unde
616 2428 691 2522 lit,
717 2437 764 2510 ut
791 2424 1064 2501 nanciscamur
1090 2420 1189 2497 duos
1211 2420 1374 2510 limites,
1400 2421 1507 2496 inter·
1535 2444 1633 2519 quos
1645 2422 1841 2522 disparuit
1862 2447 2079 2522 rursusque
2105 2425 2294 2524 apparuit

483 2555 661 2629 annulus.
711 2550 968 2627 Praetereunt
987 2558 1139 2637 anwm,
1162 2547 1295 2644 mquit
1320 2546 1489 2639 Bassus,
1520 2548 1637 2623 multi
1664 2548 1746 2623 dies
1771 2549 1979 2625 internos·
1993 2550 2155 2642 limites,
2180 2559 2292 2624 nota.

482 2681 600 2755 bilem
627 2677 863 2775 relinquunt,
885 2671 1203 2752 ineertitudinem
1247 2673 1297 2748 do
1333 2674 1413 2748 situ
1443 2674 1569 2748 lineae
1596 2673 1795 2751 nodorum·
1819 2675 1956 2759 annuli
1974 2700 1998 2763 ;·-
2020 2696 2147 2770 neque
2177 2675 2298 2774 affin}

483 2814 614 2880 menta
637 2803 846 2894 habemns,
869 2799 1016 2898 quibus
1033 2798 1147 2874 illum
1169 2798 1321 2875 alieubi
1337 2821 1410 2898 per
1433 2800 1671 2892 mensiones,
1692 2823 1793 2901 quae
1820 2799 1955 2875 multis
1972 2799 2015 2875 in
2034 2799 2188 2876 ensibus
2203 2802 2293 2878 fru-

480 2940 646 3005 stratam
677 2935 808 3025 potest
845 2926 1053 3003 restituere
1086 2925 1428 3019 observationem,
1463 2924 1655 3002 limitibus
1700 2925 1993 3026 angustioribus
2030 2923 2288 3003 includamus.

479 3055 521 3128 Si
549 3077 644 3152 ergo
680 3062 766 3126 tres
792 3052 1082 3129 observavimus·
1109 3077 1189 3131 non
1212 3062 1324 3131 tanta
1351 3074 1393 3131 se
1413 3052 1588 3144 invIoam.
1606 3051 1763 3136 dissitos
1793 3051 2006 3142 transitus,
2037 3051 2295 3127 elevationem

479 3186 610 3249 terrae
631 3198 752 3274 supra
768 3184 839 3251 aut
855 3176 930 3250 suls
950 3176 1091 3257 armti
1099 3177 1247 3275 plano,
1264 3176 1394 3258 adhue
1416 3187 1469 3258 ut„
1484 3176 1645 3258 tertiam·
1662 3174 1920 3280 quantitatem
1944 3173 2118 3275 ignotam
2143 3174 2288 3256 atiena

481 3323 708 3405 possumus,
727 3308 778 3382 ut
793 3300 889 3380 teon
909 3298 1121 3384 munna
1145 3299 1220 3407 (21,

1320 3523 1448 3626 tu·
1516 3618 1525 3635 .

1115 3747 1333 3831 Methodus
1356 3748 1561 3827 emman
1586 3748 1666 3847 (3),

525 3997 738 4072 neutuna
778 4007 1002 4094 mqnentem
1050 3997 1142 4073 iniit
1194 4001 1323 4073 riam:
1359 3995 1537 4072 Ponatur
1577 3995 1738 4071 Saturni
1768 3996 1965 4073 annulum
1985 4000 2149 4100 planum
2176 4030 2277 4102 esse,

477 4119 754 4199 ooiueidentem
775 4123 953 4222 planetae
972 4133 1199 4218 aequatura..
1242 4122 1302 4196 Sit
1319 4120 1467 4220 Figura
1497 4120 1698 4221 apposita,
1723 4117 1756 4194 P
1774 4124 1888 4220 polus
1909 4129 2135 4222 rotationis,
2160 4132 2277 4208 00r-

475 4245 581 4317 bitae
605 4240 676 4315 BR
705 4243 828 4338 polus
848 4246 1049 4343 planetae,
1070 4241 1144 4317 AC·
1165 4254 1355 4340 aequatur
1385 4247 1562 4345 planatae
1586 4256 1705 4345 atque
1736 4245 1767 4320 T
1788 4246 1898 4323 loeus
1923 4261 2052 4328 ten-ae
2079 4278 2124 4328 ex
2140 4267 2275 4330 oentru

474 4369 651 4467 planetae
674 4378 745 4442 aut
763 4371 898 4444 annuli
920 4369 1048 4460 risus,
1073 4391 1189 4468 quem
1207 4370 1283 4446 hoe
1304 4374 1346 4445 in
1362 4395 1455 4449 easu
1480 4395 1667 4472 ponemus
1686 4372 1925 4466 reincidam,
1950 4376 1989 4452 Ν,
2011 4376 2120 4456 lomus
2148 4403 2277 4459 moen·

474 4494 602 4569 dentis
622 4489 744 4583 nott,
766 4502 866 4569 tune
879 4488 950 4570 st,
961 4505 1022 4577 est
1040 4493 1211 4577 latitudo
1231 4494 1549 4594 planetieentriea
1567 4507 1703 4574 terrae·
1719 4522 1764 4569 =
1783 4523 1826 4596 p.

476 4747 677 4769 m

518 4923 571 5011 (il
588 4922 776 4992 nemeina
794 4920 842 4987 ὼ
853 4919 1066 4993 emat
1085 4921 1151 4990 dte
1163 4920 1343 5008 Samae,
1370 4930 1475 5009 lm,
1498 4951 1572 5020 pag.
1593 4930 1647 4996 912.

515 5030 570 5116 (2),
588 5029 796 5110 Duum,
819 5031 1037 5106 Astraeae
1052 5034 1229 5125 tiberique
1245 5043 1476 5131 aptatique,
1501 5040 1592 5109 non.
1610 5035 1681 5110 HI..
1703 5034 1804 5129 Chap.
1824 5035 1943 5107 xm,

515 5139 568 5229 (3)
588 5139 796 5221 insinuat,
819 5138 961 5214 itidem,
