4978 6160
1338 718 1533 799 'ceutrloa
1550 717 1593 795 ln
1610 712 1771 793 Saturni
1790 715 1920 792 orbita
1942 712 2114 815 aequalia
2134 714 2187 788 stt
2208 714 2278 790 sa

1360 842 1598 919 turniinsua
1609 838 1739 917 orbita
1755 839 2020 937 geocentrioae
2029 837 2280 935 longimtlinb

1408 968 1468 1044 Sit
1494 967 1598 1043 enim
1628 964 1671 1041 in
1699 960 1829 1061 figura
1856 963 2033 1064 apposita
2062 960 2138 1042 VD
2159 963 2275 1063 eclip-

1217 1082 1220 1087 ⁸
1361 1095 1460 1187 tite,
1487 1089 1576 1165 ΨΟ
1599 1087 1758 1165 saturni
1772 1064 1919 1180 orbita,
1943 1086 2011 1165 BG
2030 1066 2171 1161 'annuli
2190 1090 2273 1187 pla·

1360 1243 1477 1306 num3
1518 1227 1613 1292 tune
1654 1215 1968 1291 observationum
2001 1236 2097 1311 ope,
2141 1212 2278 1288 annuli

1358 1345 1476 1443 plano
1500 1363 1573 1440 per
1591 1340 1709 1415 solem
1728 1332 1976 1428 transeunte,
1999 1337 2135 1435 puncti
2161 1336 2192 1410 C
2219 1335 2276 1410 lo·

1359 1493 1427 1544 cns
1444 1469 1486 1543 in
1510 1465 1670 1542 Saturni
1693 1464 1826 1539 orbita
1857 1461 2015 1538 definiri
2033 1471 2179 1560 potest,
2204 1460 2275 1533 ubi
2299 1444 2305 1455 ’

1358 1595 1549 1668 Saturnus
1579 1590 1705 1681 adsit,
1736 1586 1872 1664 annuli
1901 1586 2018 1684 plano
2056 1604 2129 1681 per
2154 1582 2274 1655 solem

1162 1808 1166 1817 Δ
1357 1720 1607 1803 transeunte,
1631 1700 1822 1807 atqueita
1838 1712 1933 1787 nodi
1951 1710 2062 1786 locus
2081 1708 2156 1795 sit3
2179 1710 2273 1804 quia

467 1851 657 1941 punctum
685 1839 718 1913 B
748 1838 858 1914 locus
891 1842 987 1917 nodi
1021 1844 1064 1918 in
1097 1843 1277 1941 ecliptica
1302 1867 1382 1919 non
1398 1838 1555 1915 definiri
1582 1846 1733 1935 potest,
1766 1836 1953 1935 quoniam
1979 1833 2180 1909 inclinatio
2210 1835 2274 1909 CB

468 1969 520 2041 ad
552 1967 621 2041 AD
653 1966 735 2040 sire
765 1967 967 2042 inclinatio
986 1967 1122 2042 annuli
1150 1968 1201 2041 ad
1225 1970 1444 2069 eclipticam
1470 1962 1599 2036 adhuc
1612 1961 1810 2058 incognita
1826 1971 1896 2034 est.

516 2092 681 2191 Quando
702 2114 797 2188 ergo
827 2090 936 2164 locus
960 2092 1098 2188 puncti
1120 2092 1164 2166 C·
1180 2095 1360 2192 cognitus
1379 2103 1449 2166 aut
1477 2092 1704 2164 observatus
1723 2094 1800 2177 est,
1824 2109 1871 2160 eo
1890 2096 2084 2183 tempore,
2109 2105 2188 2179 quo
2207 2105 2274 2155 an·

465 2215 551 2290 nuli
577 2216 738 2314 planum
768 2239 841 2313 per
872 2215 990 2288 solem
1017 2218 1182 2303 transit;
1214 2196 1471 2291 subtrahatur
1502 2218 1594 2291 hinc
1626 2212 1706 2285 Vl
1728 2237 1770 2277 =
1794 2206 1891 2284 ΨΑ
1918 2208 2124 2307 longitudo
2156 2208 2276 2283 helio·

465 2337 639 2412 centrica
655 2339 751 2413 nodi
771 2340 924 2417 orbitae
942 2340 1102 2439 Saturni
1120 2330 1383 2436 hebenusque
1399 2361 1536 2414 areum
1556 2338 1638 2425 l03
1663 2318 1781 2410 etiam
1805 2334 1970 2433 angulus
2000 2333 2034 2407 A
2056 2332 2172 2404 datus
2189 2338 2269 2423 est,

466 2461 537 2556 qui
560 2470 618 2535 est
638 2463 840 2538 inclinatio
862 2465 1014 2538 orbitae
1032 2466 1192 2541 Saturni
1208 2467 1259 2540 ad
1278 2465 1510 2562 eclipticam.

514 2584 642 2682 Atque
674 2587 718 2661 in
748 2586 884 2661 annuli
914 2587 1189 2687 disparitione,
1215 2589 1361 2686 quippe
1388 2586 1498 2683 quod
1525 2586 1610 2682 ejus
1641 2583 1802 2682 planum
1831 2602 1904 2678 per
1937 2591 2067 2659 terrae
2094 2600 2270 2669 centrum

465 2711 631 2803 transit,
656 2713 915 2786 subtrahatur
948 2713 1154 2811 longitudo
1182 2696 1458 2788 helio'centrioa
1481 2711 1588 2786 'nodi
1614 2710 1766 2783 orbitae
1793 2705 1953 2781 Saturni
1981 2734 2005 2783 a
2029 2719 2273 2809 geooentrica

465 2833 623 2909 Saturni
643 2836 686 2910 in
707 2860 778 2911 sua
797 2837 930 2912 orbita
946 2837 1210 2936 longitudine,
1235 2837 1501 2933 habemusque
1517 2835 1662 2908 iterum
1680 2830 1966 2929 longitudinem
1986 2848 2101 2910 11111
2115 2839 2189 2915 ΑΟ.

513 2956 654 3055 ltaque
677 2961 790 3035 nobis
805 2960 847 3034 in
865 2960 1064 3058 triangulo
1087 2960 1186 3035 ABG
1208 2962 1399 3037 duntaxat
1420 2960 1522 3034 duae
1538 2957 1775 3071 quantitates
1799 2958 1976 3055 cognitae
1998 2971 2110 3055 sunt,
2136 2988 2272 3066 nempe

459 3080 529 3155 'AG
546 3107 588 3150 =
609 3082 703 3157 V‘C
722 3123 768 3137 -
794 3079 874 3156 Vl
893 3093 1012 3181 atque
1033 3085 1199 3183 angtrlus
1220 3085 1266 3161 l.
1314 3082 1371 3158 Ut
1388 3107 1483 3183 ergo
1497 3082 1602 3157 latus
1620 3079 1688 3154 ΑΒ
1711 3078 1955 3166 definiamus,
1981 3107 2061 3180 quo
2082 3090 2273 3166 nancisca-

463 3226 555 3277 mur
589 3205 684 3279 nodi
704 3206 988 3307 longitudinem
1024 3209 1133 3307 plani
1158 3208 1294 3285 annuli
1318 3206 1397 3282 VB
1425 3208 1468 3280 in
1480 3202 1687 3300 ecliptico,
1711 3201 1805 3297 huie
1827 3204 1887 3277 rei
1902 3204 2088 3283 inserviat
2104 3216 2273 3313 angulus

460 3352 513 3423 p,
538 3329 707 3426 angulus
740 3334 812 3427 qui
844 3333 980 3408 annuli
1003 3357 1113 3410 axem
1137 3334 1328 3408 minorem
1355 3355 1445 3406 cum
1466 3329 1616 3406 circulo
1643 3328 1913 3405 declinationis
1936 3333 2072 3428 efficit,
2096 3352 2137 3413 et
2157 3366 2272 3439 quem

463 3449 647 3527 Brssmu
670 3457 960 3531 observationes
982 3457 1180 3554 praebent

512 3576 552 3650 si
572 3600 677 3652 nunc
694 3579 802 3654 locus
825 3578 1019 3656 nodorum
1038 3580 1147 3679 plani
1166 3578 1301 3654 annuli
1318 3582 1361 3654 in
1380 3581 1497 3679 plano
1519 3580 1741 3680 aequatoris
1757 3589 1887 3653 terrae
1908 3579 2044 3655 datum
2059 3597 2176 3678 esset,
2200 3589 2269 3664 ho-

464 3724 556 3775 rum
581 3703 753 3782 duorum
768 3707 979 3807 planorum
993 3705 1195 3781 inclinatio
1226 3705 1339 3781 facile
1359 3718 1488 3805 posset
1510 3707 1677 3782 definiri.
1728 3705 1893 3805 Quando
1910 3709 2012 3781 enim
2031 3715 2268 3811 proponitur

461 3825 774 3928 longitudofnodi
782 3834 891 3931 plani
901 3832 1037 3908 annuli
1047 3833 1092 3907 in
1111 3841 1325 3929 aequatura
1342 3855 1414 3931 per
1433 3833 1467 3908 N
1486 3834 1764 3931 inclinatioque
1780 3833 1899 3929 hujus
1921 3833 2029 3931 plani
2045 3836 2267 3937 adplenum

450 3956 686 4053 aequatoris
700 3979 773 4057 per
788 3958 832 4051 1,
856 3970 987 4037 terrae
1010 3958 1181 4035 latitudo
1200 3980 1320 4056 supra
1343 3958 1479 4032 annuli
1493 3960 1695 4058 11111111
1714 3958 1883 4033 Saturno
1907 3959 2032 4035 visum
2050 3985 2123 4060 per
2142 3967 2175 4058 l,
2199 3991 2266 4043 11-

1221 4084 1338 4182 gulus
1356 4084 1525 4159 borealis
1556 4085 1682 4183 partis
1704 4085 1786 4161 aris
1818 4085 1981 4159 minoris
2009 4090 2144 4165 annuli
2175 4117 2263 4169 cum

1219 4208 1369 4285 circulo
1385 4208 1655 4287 declinationis
1665 4234 1805 4310 perp,
1829 4221 1946 4307 atque
1967 4214 2164 4291 adscensio
2183 4242 2264 4296 ree—

1060 4386 1064 4391 ·
1222 4344 1265 4408 ta
1284 4334 1570 4433 declinatioque
1592 4336 1753 4412 Saturni
1772 4359 1845 4436 per
1879 4369 1902 4413 a
1921 4349 1961 4411 et
1983 4339 2024 4429 δ,
2048 4348 2142 4417 tunc
2159 4345 2202 4419 in
2221 4346 2265 4418 fi-

1220 4484 1324 4560 gura
1340 4463 1536 4561 apposita,
1561 4463 1604 4537 in
1625 4486 1704 4562 qua
1722 4463 1790 4538 AB
1804 4473 2052 4561 aequatorem
2072 4477 2111 4540 et
2131 4467 2263 4568 Pejus

1219 4588 1375 4687 polum,
1399 4589 1464 4663 NG
1485 4589 1659 4689 planum}
1672 4589 1807 4665 11111
1829 4598 1946 4686 atque
1966 4588 2003 4663 ll
2026 4591 2161 4690 polum
2190 4596 2262 4671 hu·

1213 4716 1283 4813 jus
1312 4715 1444 4813 plani,
1477 4715 1510 4789 N
1537 4717 1667 4794 locum
1698 4713 1795 4789 nodi
1815 4715 1951 4790 annuli
1980 4717 2023 4792 in
2049 4729 2262 4817 aequatore

1219 4849 1259 4914 et
1279 4838 1310 4914 Τ
1336 4841 1467 4916 locum
1486 4852 1616 4922 terrae
1636 4865 1659 4920 e
1678 4840 1847 4918 Saturno
1873 4841 2020 4936 visum,
2044 4841 2262 4942 significan

1131 4938 1161 4994 Β
1221 4978 1317 5046 tunc
1336 4968 1448 5047 uobis
1470 4978 1548 5047 est:
