4970 6164
1208 550 1522 633 anoc-

457 767 593 859 putat,
617 758 712 835 clim
732 759 784 834 ad
803 756 1000 857 planetam
1030 757 1156 857 ὶῃειιω
1183 750 1421 855 pertinuisse
1445 747 1633 824 annulum
1662 758 1783 848 atque
1802 772 1874 849 per
1895 751 1975 826 mm
1995 748 2279 847 ceutriiugam,

456 884 500 957 in
516 893 731 982 aequum
748 887 800 961 ab
819 882 983 960 illoesse
1004 881 1225 976 dicamur,
1249 882 1288 957 ei
1307 882 1488 980 deinceps
1504 874 1664 950 eandem
1688 877 1928 952 celeritatem
1949 874 2152 974 propriam
2174 898 2282 950 man·

457 1030 652 1208 msliband
671 1134 907 1208 rotationem
938 1155 1131 1208 nonaum
1164 1153 1210 1205 ca
1238 1131 1484 1229 planetarum
1514 1124 1774 1200 satellitumve
1803 1126 1989 1201 debemus
2019 1128 2280 1222 confundere,

456 1253 525 1328 sed
558 1280 649 1331 cum
682 1260 932 1357 planetarum
958 1254 1271 1331 revolutionibus
1301 1253 1409 1329 circa
1439 1249 1584 1341 solem„
1619 1250 1682 1325 rel
1717 1252 1930 1329 satellitum
1961 1251 2067 1327 circa
2105 1253 2282 1351 planetas

456 1379 670 1479 primarios
692 1402 932 1479 comparare.

1305 1570 1338 1671 ᾗ.
1387 1574 1424 1649 2.

500 1764 559 1843 ln
583 1765 712 1844 Putes
732 1770 785 1870 (l)
816 1773 1025 1847 rotationis
1048 1770 1186 1846 annuli
1213 1769 1422 1868 periodum
1446 1764 1583 1840 delinit
1612 1785 1658 1838 ex
1679 1764 1719 1839 ri
1747 1768 1989 1865 centriluga,
2015 1792 2118 1868 quae
2150 1793 2196 1845 ex
2212 1796 2277 1847 ro·

1564 1887 1627 2088 {3⁹
1654 1975 1744 2026 cum
1768 1953 1820 2027 sit
1843 1953 1870 2026 S
1890 1953 2050 2030 Saturni
2076 1979 2199 2033 massa
2216 1970 2279 2031 at·

450 2164 529 2240 que
544 2168 572 2217 u
594 2142 785 2219 distantia
812 2146 939 2220 centri
976 2145 1158 2220 sectionis
1189 2142 1446 2241 generatricis
1476 2141 1529 2216 ad
1555 2139 1717 2215 Saturni
1746 2147 1948 2227 centrum3
1974 2137 2098 2239 porro
2127 2169 2272 2244 ponens

448 2269 660 2347 rotationis
679 2276 853 2357 motum,
879 2270 1043 2343 similem
1064 2271 1303 2345 revolutioni
1323 2270 1490 2367 alicujus
1511 2266 1712 2345 satelhtis‚
1738 2264 1805 2339 siti
1835 2267 1878 2340 iu
1907 2266 2096 2344 distantia
2114 2298 2142 2346 a
2161 2297 2186 2344 a
2209 2272 2275 2346 Sa·

448 2395 560 2468 turni
587 2401 747 2481 centro,
788 2393 898 2488 quod
925 2392 978 2466 ad
1000 2405 1179 2468 eventum
1215 2391 1372 2492 periodi
1401 2390 1612 2466 rotationis
1644 2388 1811 2485 accipit:
1844 2412 1929 2464 eam
1957 2392 2040 2466 fere
2070 2395 2274 2493 aequalem

447 2541 530 2593 esse
552 2510 656 2607 0⁶,ll
672 2515 736 2591 vel
757 2507 818 2592 10h
836 2518 998 2610 33‘3o“‚
1023 2521 1132 2617 quod
1154 2521 1297 2595 attinet
1318 2517 1371 2591 ad
1387 2517 1618 2592 interiorem
1640 2515 1842 2588 annulum.

451 1953 604 2028 tatione
631 1955 818 2055 prolluit,
843 1982 1040 2058 quamque
1063 1958 1213 2033 invenit
1233 1957 1435 2055 aequalem
1459 1975 1541 2027 esse

1307 2712 1341 2813 t.
1376 2718 1413 2791 a

492 2907 741 3008 singularem
767 2909 941 3007 aliquam
964 2910 1191 2987 methodum
1224 2911 1265 2986 in
1297 2910 1462 3010 periodo
1488 2910 1625 2985 annuli
1655 2906 1878 2984 delinienda
1904 2910 2140 3010 sequebatur
2169 2910 2274 2987 Kan-

442 3058 530 3112 rrus
551 3034 618 3133 (2).
668 3031 866 3126 Ponebat,
889 3048 936 3111 ut
944 3038 1030 3135 jam
1055 3040 1248 3123 vidimus,
1275 3040 1325 3112 ab
1350 3037 1505 3134 origine
1528 3036 1718 3111 annulum
1744 3059 1824 3110 esse
1850 3037 2086 3128 formatum,
2110 3038 2270 3112 adscen-

443 3162 629 3237 dentibus
655 3182 701 3234 ex
734 3159 906 3237 Saturno
935 3166 1168 3264 vaporibus,
1204 3188 1306 3264 quae
1335 3163 1556 3263 particulae
1582 3186 1672 3237 suos
1692 3174 1943 3239 servaverant
1972 3175 2127 3255 motus,
2164 3188 2265 3263 quos

444 3289 666 3376 habebant,
691 3308 782 3359 cum
803 3288 935 3364 adhuc
955 3315 1043 3367 cum
1057 3292 1216 3389 planeta
1235 3300 1361 3365 essent
1380 3290 1634 3387 conjunctae,
1659 3300 1826 3388 propter
1842 3292 2003 3367 Saturni
2027 3293 2134 3368 circa
2151 3314 2268 3367 suum

441 3437 551 3491 axem
580 3413 830 3488 rotationem.
887 3413 1045 3490 Necesse
1071 3427 1180 3506 erat,
1204 3426 1251 3489 ut
1281 3417 1355 3490 hae
1382 3415 1601 3491 celeritates
1630 3413 1973 3510 diminuerentur,
2010 3417 2144 3515 quoad
2175 3418 2267 3492 illae

443 3537 664 3637 partiendae
688 3537 738 3610 ab
771 3546 945 3634 utraque
971 3541 1196 3638 aequatoris
1224 3538 1387 3613 Saturni
1413 3552 1527 3637 parte
1552 3542 1718 3638 propius
1748 3543 1860 3641 polos
1889 3542 2195 3632 adscenderunt3
2220 3554 2268 3617 ut

436 3666 681 3764 baepartes,
706 3685 808 3759 quae
825 3663 962 3761 aliqua
984 3665 1172 3740 distantia
1188 3666 1241 3738 ab
1262 3675 1476 3761 aequatore
1497 3665 1805 3758 adscendissent,
1829 3669 1934 3744 solae
1957 3670 2169 3744 celeritatis
2198 3671 2267 3745 ba·

438 3794 579 3887 herent
614 3789 730 3879 satis,
766 3798 814 3862 ut
841 3791 1023 3867 resistere
1055 3793 1096 3866 ri
1127 3790 1336 3889 gravitatis
1366 3790 1529 3865 Saturni
1552 3804 1726 3889 possent3
1753 3794 1848 3867 dum
1868 3803 2020 3870 ceterae
2041 3807 2174 3896 partes
2200 3820 2267 3871 ne·

435 3918 605 3995 cessario
629 3917 672 3991 in
692 3915 888 4013 planetam
905 3917 1051 3993 iterum
1081 3916 1319 4007 reciderint,
1345 3919 1531 4016 quoniam
1561 3920 1685 4015 magis
1709 3922 1863 3994 valebat
1883 3923 2071 4019 gravitas.
2120 3924 2262 4020 Itaque

437 4041 649 4118 secundum
670 4040 815 4116 Ktnru
838 4044 1060 4141 opinionem
1086 4044 1269 4119 absoluta
1298 4045 1586 4141 particularum
1606 4045 1744 4119 annuli
1774 4046 1954 4121 celeritas
1976 4068 2099 4142 aeque
2122 4069 2264 4143 magna

437 4191 519 4242 esse
546 4167 683 4256 debet,
719 4177 840 4264 atque
879 4164 972 4238 illae
1003 4167 1246 4264 particulae,
1292 4190 1394 4264 quae
1437 4167 1568 4243 adhuc
1609 4181 1701 4245 sunt
1744 4172 1786 4246 in
1814 4161 1994 4271 planetae
2034 4181 2259 4267 aequatore.

434 4289 493 4364 Ut
523 4312 620 4389 ergo
646 4292 855 4365 rotationis
889 4293 1027 4369 annuli
1056 4291 1266 4392 periodum
1295 4293 1479 4384 deliniat,
1503 4294 1635 4391 primo
1663 4316 1750 4368 eam
1781 4297 1958 4394 planetae
1990 4294 2152 4393 definit,
2174 4310 2261 4366 eam

433 4411 700 4512 comparando
734 4436 824 4487 cum
854 4417 1034 4492 satellitis
1066 4398 1286 4509 celeritate,
1311 4422 1458 4516 ponens
1491 4442 1627 4495 earum
1658 4406 1877 4497 celeritates
1904 4416 1956 4493 ad
1975 4418 2016 4491 s'e
2036 4416 2200 4490 invicem
2218 4438 2260 4488 se

434 4542 580 4616 habere
628 4539 786 4613 inversa
824 4542 1115 4637 proportione,
1151 4552 1198 4616 ut
1239 4542 1392 4617 radices
1431 4543 1650 4639 quadratae
1682 4547 1960 4621 distantiarum
1994 4541 2046 4615 ad
2081 4541 2260 4638 planetae

433 4677 627 4743 centrum.
685 4661 743 4736 Ex
778 4685 859 4758 qua
904 4664 1105 4743 celeritate
1142 4677 1346 4765 computat
1381 4667 1545 4746 Saturni
1592 4674 1862 4759 rotationem,
1899 4690 2022 4766 «pram⁴
2061 4663 2257 4739 invenerit

431 4785 632 4867 suasu.
683 4787 834 4875 dahac
856 4790 1066 4864 rotationis
1088 4790 1258 4889 pteriodo
1269 4791 1415 4867 delinit
1432 4793 1492 4869 vis
1511 4797 1755 4895 centrilugae
1781 4790 2009 4891 aequatoris
2030 4787 2257 4887 proportio·

441 5000 679 5024 ῃ

475 5116 524 5199 (lt
552 5111 760 5200 Micanique
779 5114 925 5193 celeste,
950 5111 1042 5180 Tam.
1062 5110 1109 5182 ll.
1141 5112 1210 5183 Lir.
1233 5113 1297 5183 111.
1330 5139 1402 5208 pap.
1422 5073 1510 5188 tea,
1529 5076 1545 5201 ,Ι
1629 5076 1648 5195 ,Ι

471 5223 935 5316 ta)cmsrcnm,1uaug
954 5246 1020 5289 aas
1038 5221 1156 5290 [scats
1175 5224 1485 5314 Naturqeachichte
1504 5227 1578 5293 aad
1598 5182 1746 5295 Therme
1766 5188 1828 5293 dee
1844 5188 2029 5294 bamma.
2160 5204 2167 5217 ⁸
2195 5188 2206 5227 Ι
