4970 6164
983 502 1302 586 ..ω-,ς

238 704 416 807 partein
436 699 568 779 medio
590 694 1001 801 praeluminatam,
1024 700 1134 800 quod
1166 703 1209 781 in
1241 700 1544 781 orientoli'onsa
1570 704 1717 785 olarios
1734 710 2053 806 qttautuoeiden·

237 835 531 1055 tahliieemltprilis
549 955 575 1030 5
593 951 645 1027 ab
668 960 838 1048 utraque
859 960 974 1050 parte
990 974 1030 1027 se
1050 952 1133 1029 tria
1156 953 1319 1031 subtilia
1338 953 1474 1033 sideru
1506 954 1747 1057 opinabatur
1762 968 1927 1058 punotae
1951 972 2055 1039 utet

240 1089 306 1176 13,
334 1086 380 1158 14
395 1092 434 1156 ot
451 1084 500 1159 17
523 1077 696 1176 Aprilis,
719 1079 899 1177 quernus
919 1079 1127 1157 diffioilius.

286 1474 487 1550 Parmam
511 1471 563 1573 (l)
592 1469 774 1549 Altam
806 1473 903 1547 tubo
931 1469 1296 1550 Frauenhoferiano
1327 1471 1519 1573 ipedum
1537 1469 1617 1547 fooi
1637 1468 1847 1567 distantia,
1870 1473 1921 1556 37
1936 1476 2055 1553 linea.

238 1626 328 1676 rum
349 1600 539 1700 apermra
558 1607 599 1670 et
621 1598 1029 1696 libamplifioatione‚
1054 1610 1272 1698 portatum
1293 1622 1460 1675 mensem
1480 1597 1657 1699 Aprilem
1673 1599 1768 1675 anni
1790 1603 1903 1695 1833,
1927 1606 2057 1682 orien-

237 1728 355 1801 talem
378 1725 538 1798 ridebat
559 1745 692 1796 ansam
715 1746 868 1823 semper
889 1728 1016 1801 multo
1034 1727 1244 1802 clariorem
1262 1726 1508 1803 oooidentali.

285 1852 358 1925 Die
380 1853 431 1926 22
452 1848 601 1946 Aprilis
629 1849 818 1927 annulum
842 1851 1001 1927 ridebat
1031 1854 1238 1949 perspicue
1252 1853 1369 1926 velut
1400 1852 1583 1926 subtilem
1609 1851 1774 1940 lineam;
1797 1851 1841 1926 in
1872 1853 2057 1929 orientali

238 2002 333 2054 ansa
347 1978 432 2053 sere
452 1975 591 2071 quinta
610 1984 724 2072 parte
744 1979 796 2050 ab
820 1979 906 2076 ojus
923 1978 1002 2053 lina
1020 1979 1230 2053 ridebatur
1260 1979 1364 2053 linea
1392 1977 1542 2052 elarior
1575 1999 1678 2066 esse3
1701 1979 1869 2078 putabat
1899 2003 2057 2079 quoque

235 2128 276 2178 se
312 2105 353 2177 in
389 2100 622 2178 oecidentali
651 2123 745 2175 ansa
769 2115 959 2202 punctum
989 2105 1147 2196 ridere,
1182 2104 1292 2201 qnod
1319 2104 1568 2204 aliquatenus
1603 2114 1706 2179 essm
1739 2103 1889 2180 elarius
1916 2106 2057 2181 eeteris

234 2231 439 2329 partibus,
464 2226 621 2301 diffloile
635 2237 767 2303 nutem
787 2253 814 2302 a
831 2229 972 2304 ueteris
990 2229 1183 2329 distingui
1195 2231 1341 2331 potuit.

283 2357 355 2428 Die
386 2354 535 2452 Aprilis
555 2356 606 2432 25
638 2354 780 2431 lineam
808 2354 1006 2453 permulto
1036 2358 1283 2432 subtiliorem
1315 2355 1561 2454 oonspioatus
1586 2362 1667 2443 est,
1704 2354 1910 2451 perspioue
1925 2366 2056 2433 tamen

236 2484 367 2556 adhue
385 2482 428 2554 in
453 2491 625 2577 utroque
656 2482 835 2578 planetae
864 2482 989 2555 latero
1007 2483 1343 2581 oonspioiendam‚
1367 2482 1409 2555 in
1430 2502 1524 2554 ansa
1554 2478 1739 2552 orientali
1771 2478 1943 2557 lucidius
1957 2508 2055 2582 pun·

236 2620 343 2684 etum
368 2607 488 2681 tertia
505 2615 619 2703 purte
635 2606 819 2680 diametri
838 2608 891 2680 ab
910 2606 1072 2681 Saturni
1101 2610 1280 2707 margine
1304 2606 1508 2682 observari
1531 2603 1685 2702 potuit,
1718 2603 1931 2681 ridebatur
1958 2633 2057 2706 quo·

234 2758 312 2833 que
340 2735 382 2807 in
414 2755 509 2805 ansa
537 2731 768 2805 occidentali
793 2742 900 2805 sexta
931 2732 1117 2808 diametri
1145 2744 1260 2834 parte
1285 2757 1312 2809 a
1339 2731 1501 2809 Saturni
1529 2730 1730 2828 margins,
1755 2730 1866 2806 loeus
1900 2733 2056 2809 lucidus

238 2865 281 2936 in
302 2861 407 2934 linea
426 2859 593 2931 maxime
615 2856 736 2929 debili
759 2878 850 2931 esse.

281 2988 355 3061 Die
374 2989 423 3062 26
449 2985 596 3081 Aprilis
612 2981 862 3056 oeoidantalis
891 3005 985 3057 ansa
1015 2986 1098 3060 fere
1118 2986 1392 3084 disparuerat,
1418 2984 1656 3084 opinabamur
1675 2994 1807 3061 autem
1836 2984 2053 3078 Parnasus,

235 3138 316 3190 uua
339 3113 479 3210 quinta
505 3110 690 3184 diametri
708 3117 822 3205 parte
839 3130 864 3181 a
879 3110 1058 3208 planetae
1076 3113 1255 3212 margine
1285 3135 1325 3187 se
1351 3112 1482 3186 looum
1511 3111 1664 3185 alarum
1696 3113 1843 3188 ridere.
1890 3112 1940 3186 In
1960 3136 2054 3189 ausa

235 3238 417 3317 orientali
434 3236 612 3311 lucidum
632 3243 719 3308 erat
734 3245 942 3330 punctum,
966 3240 1086 3314 tertia
1105 3238 1290 3313 diametri
1300 3247 1434 3336 parte,
1458 3260 1638 3335 aeqneae
1649 3238 1899 3336 praecedenti
1911 3238 1976 3312 die
1987 3240 2054 3311 ob·

236 3366 491 3454 servandum,
520 3361 702 3461 inprimis
727 3363 886 3457 quando
915 3366 1031 3439 exiles
1052 3366 1217 3442 nebulae
1236 3363 1611 3453 transsumantur,
1635 3365 1780 3459 quibus
1800 3376 1896 3439 tune
1913 3363 2055 3455 fiebat,

234 3506 280 3571 ut
299 3514 431 3569 omnes
450 3490 550 3564 aliae
568 3508 683 3562 ansae
704 3496 837 3586 partes
862 3490 1077 3566 invisibiles
1093 3501 1238 3582 essent,
1262 3492 1416 3587 bneque
1440 3490 1568 3564 solum
1588 3501 1805 3588 superesset
1823 3501 2025 3590 punctum.

284 3883 365 3958 Vos
396 3879 676 3989 Boousmusnr
700 3879 752 3977 (2)
782 3881 1043 3973 bresanus,
1077 3884 1142 3958 die
1176 3887 1219 3961 21
1267 3885 1417 3986 Aprilis
1446 3883 1539 3958 anni
1570 3882 1695 3971 1833,
1730 3904 1804 3980 ope
1841 3885 1883 3969 li
1908 3883 2054 3980 pedum

236 4010 324 4085 tubi
346 4006 666 4098 Fannmnorm,
692 4010 740 4083 l3
758 4008 872 4082 lineis
901 4018 1113 4107 aperturae
1135 4021 1176 4085 et
1199 4012 1503 4111 amplificatione
1527 4008 1622 4097 162,
1648 4006 1925 4080 occidentalem
1949 4007 2054 4083 vide-

239 4139 305 4210 bat
324 4154 456 4207 ansam
477 4132 725 4229 aliquatenus
743 4135 951 4210 clariorem
970 4135 1175 4227 orientali,
1199 4139 1309 4213 nulla
1341 4136 1476 4212 lueida
1505 4133 1739 4209 observabat
1761 4142 1923 4231 puncta,
1947 4134 2054 4208 unde

234 4261 372 4337 annuli
391 4256 538 4334 rotatio
557 4259 689 4356 ejusve
707 4261 951 4336 eontrarium
970 4261 1220 4357 probaretur.

282 4387 356 4461 Dia
385 4389 439 4481 25,
464 4382 611 4481 Aprilis
635 4386 823 4461 annulum
851 4386 1009 4463 videbat
1044 4388 1095 4462 ab
1127 4397 1297 4485 utraque
1342 4383 1505 4461 Saturni
1537 4394 1651 4481 parte
1682 4395 1729 4473 ut
1762 4382 2054 4463 subtilissimam

234 4513 400 4588 manime
428 4520 583 4584 nontam
614 4509 780 4602 imaum,
813 4512 905 4586 iude
935 4515 986 4589 ab
1018 4513 1179 4589 Saturni
1206 4512 1314 4590 diseo
1345 4513 1429 4589 sine
1461 4511 1752 4610 interruptione
1777 4512 1839 4589 rel
1873 4514 2054 4613 partibus

232 4639 395 4727 lueidis,
420 4637 463 4711 in
485 4646 631 4734 puncta
646 4637 900 4715 subtilissima
918 4649 1198 4720 exounentenn

279 5016 329 5101 (1)
352 5014 496 5083 Astron.
525 5013 657 5081 Naehr.
681 5015 739 5083 ΝΟ.
761 5018 837 5083 249.

282 5124 331 5214 (2)
356 5122 513 5204 Ibidem,
541 5123 598 5195 N0.
617 5126 693 5193 252.
718 5148 791 5219 pag.
812 5128 892 5195 209.
926 5156 930 5167 ·
