4970 6164
1191 523 1384 599 alut
1439 559 1517 582 -ν

498 717 669 793 Auctore
688 715 911 793 &subrano
934 712 985 813 (1)
1008 723 1153 815 puncta
1180 715 1314 790 lucida
1339 715 1402 790 vel
1429 725 1578 789 montes
1612 714 1655 789 in
1686 712 1851 788 australi
1876 713 1973 788 facie
2011 714 2255 804 observatos,

449 843 529 920 iliis
555 844 596 918 in
627 842 775 918 boreali
797 840 1050 940 respondent;
1075 841 1232 937 quando
1251 864 1346 939 ergo
1371 864 1459 916 cum
1482 841 1553 915 ilio
1581 841 1835 930 assumimus„
1862 851 2050 937 punctum
2073 840 2124 913 ab
2150 838 2258 915 Han·

450 992 587 1046 ntncto
616 969 886 1058 observatum,
918 966 980 1041 uel
1007 966 1237 1041 altissimum
1269 964 1581 1066 Hardingianum
1622 976 1792 1041 montem
1822 962 1993 1062 (ttettte
2028 960 2260 1065 Hordiagi-

450 1095 542 1171 celte
572 1092 756 1193 Gebirge)
785 1113 906 1190 aeque
932 1092 1010 1164 alte
1053 1115 1174 1189 supra
1205 1093 1399 1167 borealem
1434 1117 1480 1168 ao
1516 1115 1636 1190 supra
1667 1092 1876 1166 attstralem
1901 1090 2036 1165 annuli
2055 1090 2256 1189 planitiem

451 1223 641 1312 eminere,
667 1230 761 1296 tunc
782 1217 993 1293 secundum
1012 1212 1220 1316 Kwrwgr.
1245 1221 1413 1317 Fragm.
1446 1241 1534 1318 pag.
1549 1218 1621 1293 229
1648 1224 1729 1307 est,
1753 1218 1837 1316 ejus
1854 1215 2068 1291 diametrus
2097 1243 2142 1286 =
2162 1220 2187 1295 2
2211 1228 2250 1302 Χ

453 1351 527 1427 303
557 1350 604 1444 -l-
640 1346 774 1423 annuli
813 1344 1030 1420 crassitudo
1064 1369 1109 1412 =
1142 1348 1215 1421 606
1247 1347 1294 1439 -Ι-
1329 1348 1404 1421 113
1436 1371 1477 1412 =
1511 1345 1582 1421 719
1624 1342 1811 1417 milliaria
1848 1343 2121 1441 geographica,
2155 1367 2259 1441 quae

450 1497 576 1553 massa
604 1495 698 1569 ergo
730 1470 1006 1562 macereris,
1044 1468 1236 1560 Palladis,
1277 1468 1444 1545 lunonis
1477 1466 1694 1566 Vestaeque
1731 1466 1847 1541 simul
1883 1479 2099 1542 sumturum
2127 1471 2255 1566 maj0r

449 1610 531 1690 est,
563 1598 691 1696 major
723 1598 920 1697 plerisque
949 1597 1060 1672 doris
1089 1595 1324 1696 Saturnique
1363 1595 1620 1686 satellitibus,
1655 1605 1793 1669 nostra
1826 1592 1940 1684 luna,
1975 1596 2102 1693 major
2136 1597 2252 1672 etiam

450 1724 662 1803 Mercurio.

449 1853 567 1928 Hunc
586 1871 681 1947 ergo
711 1872 870 1924 suarum
899 1847 1212 1924 observationum
1235 1858 1414 1923 eventum
1442 1844 1592 1922 indicat
1629 1847 1875 1923 &miracus
1894 1843 1965 1945 (2)³
1998 1844 2186 1923 annulum
2208 1842 2256 1926 er

451 1975 657 2079 permultis
674 1972 735 2049 rei
754 1974 968 2051 innumeris
987 1973 1177 2049 montium
1195 1974 1331 2049 massis
1347 1984 1543 2065 constare,
1569 1997 1669 2072 quae
1696 1971 1985 2071 comparatione
2014 1972 2164 2048 mediae
2185 1999 2253 2051 an·

451 2103 538 2182 nuli
562 2100 855 2192 crassitudinis,
882 2099 1007 2174 multo
1039 2101 1205 2197 majores
1228 2103 1489 2198 minoresque,
1521 2098 1730 2198 pleraeque
1759 2110 1888 2174 tamen
1922 2096 2020 2171 tales
2045 2097 2257 2177 diametros

449 2229 637 2317 habeant,
667 2227 738 2322 qui
764 2225 882 2301 medii
909 2227 992 2301 fere
1028 2224 1177 2299 mediae
1212 2226 1346 2300 annuli
1367 2224 1557 2301 crassitiei
1586 2226 1765 2323 aequales
1792 2227 1893 2312 sint3
1929 2224 2097 2322 ideoque
2118 2231 2256 2306 annuli

449 2353 611 2439 lineam,
637 2349 795 2446 quando
815 2350 876 2424 vel
897 2350 1002 2448 apud
1024 2352 1084 2424 vel
1105 2360 1146 2425 et
1169 2353 1212 2425 in
1237 2351 1371 2445 annuli
1392 2351 1553 2448 planum
1571 2352 1772 2449 perveniat
1792 2351 1871 2442 sol,
1897 2372 2046 2449 semper
2063 2356 2255 2450 separatis

450 2478 709 2578 abruptisque
733 2475 887 2576 punctis
914 2497 1127 2574 apparere,
1153 2500 1256 2574 quae
1275 2498 1437 2574 magnae
1463 2499 1609 2550 massae
1634 2478 1696 2550 rel
1715 2475 1850 2551 annuli
1873 2486 2004 2577 partes
2026 2488 2137 2570 sunt,
2168 2489 2254 2554 tum

450 2605 544 2703 quia
562 2603 732 2679 minores
757 2600 997 2700 distinguere
1017 2625 1096 2677 non
1120 2601 1311 2693 valemus,
1335 2611 1376 2674 et
1393 2609 1480 2675 tum
1490 2603 1585 2699 quia
1596 2602 1688 2675 illae
1705 2604 1842 2677 annuli
1862 2601 2078 2702 partiendae
2092 2615 2259 2705 propter

449 2731 616 2827 majores
632 2751 775 2802 mamas
792 2727 892 2819 sole,
916 2738 1012 2803 tunc
1029 2729 1072 2803 in
1096 2728 1299 2802 horizonte
1313 2727 1408 2817 sito,
1430 2726 1701 2803 destituuntur
1723 2731 1944 2828 umbraque
1955 2738 2153 2828 tegtmtur.

498 2857 571 2931 llle
591 2854 809 2932 Sentinum
828 2864 985 2930 eventus
1015 2878 1103 2929 oum
1129 2854 1301 2929 (ltssntn
1322 2854 1527 2953 hypothesi
1551 2854 1752 2945 convenit,
1778 2855 1848 2953 qui
1872 2857 2106 2946 assumebat,
2129 2879 2254 2932 annu·

453 2980 534 3059 lum
564 3002 611 3056 ex
647 2981 832 3055 immenso
866 2980 1078 3057 satellitum
1114 3003 1276 3054 numero
1311 2989 1510 3072 constare,
1545 2982 1652 3056 circa
1681 2980 1894 3054 Saturnum
1921 3005 1964 3056 se
1992 2984 2254 3074 moventium

452 3130 623 3207 quorum
641 3129 734 3180 vero
754 3106 961 3181 intervalla
983 3130 1063 3182 non
1084 3116 1238 3205 possent
1258 3105 1448 3204 distingui
1471 3106 1536 3205 (3).
1581 3105 1703 3180 Illum
1718 3115 1848 3181 tamen
1873 3116 2023 3181 motum
2051 3108 2253 3188 Scusdrna

451 3258 530 3312 non
555 3228 716 3320 statuit;
740 3230 806 3303 sed
828 3231 879 3304 de
910 3254 957 3307 eo
979 3242 1111 3332 postea
1133 3255 1303 3330 agemus.

500 3359 598 3435 Cum
619 3357 794 3433 ussum
807 3366 890 3430 tum
913 3358 1063 3435 Bouron
1078 3359 1175 3432 haec
1193 3366 1337 3456 puncta
1354 3358 1637 3433 cssemontinm
1653 3356 1854 3432 mcnmina
1870 3360 2102 3436 statuebant.
2152 3362 2256 3437 liru-

454 3508 574 3561 scum.
606 3505 699 3557 raro
728 3504 806 3555 non
836 3481 1099 3581 intelligebat,
1120 3482 1226 3556 unde
1255 3480 1388 3573 lieret,
1412 3493 1460 3557 nt
1489 3482 1561 3560 hos
1595 3493 1745 3559 montes
1767 3479 1841 3557 20⁰
1866 3482 2086 3562 millionnm
2117 3488 2259 3562 millia·

455 3611 563 3684 n’um
584 3605 769 3682 distantit
801 3606 936 3682 videre
955 3629 1174 3706 possemus3
1196 3607 1462 3701 existimabat,
1486 3610 1582 3686 haec
1599 3619 1744 3709 puncta
1761 3609 1894 3685 forsan
1916 3634 1996 3685 esse
2014 3636 2129 3713 posse
2143 3596 2260 3689 autel-¹

452 3735 563 3824 lites,
588 3754 757 3829 quorum
783 3733 936 3806 orbitae
961 3735 1003 3808 in
1024 3733 1157 3807 eodem
1173 3742 1294 3833 atque
1310 3732 1417 3808 illius
1438 3737 1574 3811 annuli
1593 3736 1713 3834 plano
1738 3735 1836 3809 sitae
1852 3747 1987 3813 essent.

501 3852 707 3958 Quidquid
730 3880 825 3955 ergo
853 3859 954 3952 sint,
989 3858 1175 3935 ridentur
1204 3854 1373 3957 corpora
1404 3883 1504 3952 esse,
1540 3884 1640 3960 quae
1669 3883 1749 3936 non
1787 3863 1997 3960 separatim
2026 3865 2078 3938 ab
2104 3865 2253 3939 annue

456 3980 656 4058 observari
671 3992 839 4080 queant,
864 3988 945 4059 sive
963 3984 1042 4061 sint
1071 3986 1217 4064 annulo
1243 3984 1429 4088 adaptata
1449 3998 1570 4086 atque
1596 3996 1770 4079 montes,
1794 3989 1874 4063 sire
1906 3990 1957 4065 ab
1977 3989 2120 4066 annulo
2149 4013 2258 4091 sepe·

455 4119 545 4187 ruta
560 4119 680 4209 atque
697 4110 881 4186 satellites
901 4111 991 4189 sint.

1306 4304 1410 4407 ts

504 4474 652 4579 Puncta
668 4498 737 4575 illa
760 4498 891 4575 lueida
918 4503 1040 4579 variis
1062 4506 1213 4581 vicibus
1238 4502 1290 4575 ab
1319 4501 1572 4621 Hmsenanto
1597 4507 1955 4609 conspiciebantur,
1991 4509 2063 4610 qui
2093 4506 2263 4613 uiuae„

456 4639 654 4730 utpostea
681 4623 917 4720 ridebimus,
940 4631 1076 4706 annuli
1093 4631 1330 4709 rotationem
1344 4624 1539 4705 deliniret.
1864 4616 1870 4625 ’

462 4850 679 4873 Μ

503 4974 553 5063 (1)
575 4975 752 5069 Kroacgr.
769 4976 918 5067 Fmgm.
947 4975 1008 5051 Th.
1026 4978 1055 5053 i.
1085 5004 1158 5075 pag.
1180 4985 1258 5052 tat.

505 5088 552 5171 (2)
577 5085 730 5158 Ibidem.
751 5109 823 5176 pag.
845 5089 921 5156 238.

503 5195 552 5286 (8)
575 5192 681 5266 Mem.
704 5195 748 5266 de
762 5197 901 5269 t’Aeact.
924 5200 1045 5290 royole
1060 5199 1121 5269 dee
1140 5199 1321 5287 Scieaeee,
1342 5203 1442 5273 annia
1458 5145 1650 5277 luttxt.
1675 5146 1750 5302 pap.
1768 5146 1813 5274 tt
1824 5206 1936 5281 cta.
1972 5148 1975 5153 Α
