<?xml version="1.0" encoding="UTF-8"?>
<!DOCTYPE html PUBLIC "-//W3C//DTD XHTML 1.0 Transitional//EN"
    "http://www.w3.org/TR/xhtml1/DTD/xhtml1-transitional.dtd">
<html xmlns="http://www.w3.org/1999/xhtml" xml:lang="en" lang="en">
 <head>
  <title>
</title>
<meta http-equiv="Content-Type" content="text/html;charset=utf-8" />
  <meta name='ocr-system' content='tesseract 3.04.00' />
  <meta name='ocr-capabilities' content='ocr_page ocr_carea ocr_par ocr_line ocrx_word'/>
</head>
<body>
  <div class='ocr_page' id='page_1' title='image "./deannulosaturni00beimgoog_0264.png"; bbox 0 0 4970 6164; ppageno 0'>
   <div class='ocr_carea' id='block_1_1' title="bbox 952 517 1267 597">
    <p class='ocr_par' dir='ltr' id='par_1_1' title="bbox 952 517 1267 597">
     <span class='ocr_line' id='line_1_1' title="bbox 952 517 1267 597; baseline 0.006 -20"><span class='ocrx_word' id='word_1_1' title='bbox 952 517 1267 597; x_wconf 66' lang='lat' dir='ltr'><strong>...m-</strong></span> 
     </span>
    </p>
   </div>
   <div class='ocr_carea' id='block_1_2' title="bbox 197 709 2015 955">
    <p class='ocr_par' dir='ltr' id='par_1_2' title="bbox 197 709 2015 955">
     <span class='ocr_line' id='line_1_2' title="bbox 198 709 2015 820; baseline -0.001 -25"><span class='ocrx_word' id='word_1_2' title='bbox 198 716 386 795; x_wconf 79' lang='lat' dir='ltr'><strong>ferentine</strong></span> <span class='ocrx_word' id='word_1_3' title='bbox 401 714 493 793; x_wconf 81' lang='lat' dir='ltr'><strong>crit</strong></span> <span class='ocrx_word' id='word_1_4' title='bbox 538 710 648 793; x_wconf 81' lang='lat' dir='ltr'><strong>Illud</strong></span> <span class='ocrx_word' id='word_1_5' title='bbox 670 724 800 789; x_wconf 73' lang='lat' dir='ltr'><strong>mmor</strong></span> <span class='ocrx_word' id='word_1_6' title='bbox 822 733 902 791; x_wconf 87' lang='lat' dir='ltr'><strong>non</strong></span> <span class='ocrx_word' id='word_1_7' title='bbox 923 709 1112 809; x_wconf 46' lang='lat' dir='ltr'><strong>impedis</strong></span> <span class='ocrx_word' id='word_1_8' title='bbox 1135 710 1244 810; x_wconf 84' lang='lat' dir='ltr'><strong>quod</strong></span> <span class='ocrx_word' id='word_1_9' title='bbox 1265 713 1427 811; x_wconf 76' lang='lat' dir='ltr'><strong>utrique</strong></span> <span class='ocrx_word' id='word_1_10' title='bbox 1454 710 1600 789; x_wconf 84' lang='lat' dir='ltr'><strong>annulo</strong></span> <span class='ocrx_word' id='word_1_11' title='bbox 1635 711 1835 793; x_wconf 70' lang='lat' dir='ltr'><strong>dimum</strong></span> <span class='ocrx_word' id='word_1_12' title='bbox 1856 720 2015 820; x_wconf 74' lang='lat' dir='ltr'><strong>quidam</strong></span> 
     </span>
     <span class='ocr_line' id='line_1_3' title="bbox 197 835 1912 955; baseline 0 -36"><span class='ocrx_word' id='word_1_13' title='bbox 197 854 347 921; x_wconf 88' lang='lat' dir='ltr'><strong>motum</strong></span> <span class='ocrx_word' id='word_1_14' title='bbox 366 840 590 955; x_wconf 76' lang='lat' dir='ltr'><strong>adscribere</strong></span> <span class='ocrx_word' id='word_1_15' title='bbox 609 841 820 941; x_wconf 81' lang='lat' dir='ltr'><strong>possimus,</strong></span> <span class='ocrx_word' id='word_1_16' title='bbox 847 839 1184 919; x_wconf 73' lang='lat' dir='ltr'><strong>obsemntionibus</strong></span> <span class='ocrx_word' id='word_1_17' title='bbox 1202 839 1283 915; x_wconf 83' lang='lat' dir='ltr'><strong>rite</strong></span> <span class='ocrx_word' id='word_1_18' title='bbox 1299 838 1491 917; x_wconf 83' lang='lat' dir='ltr'><strong>institutis</strong></span> <span class='ocrx_word' id='word_1_19' title='bbox 1512 835 1823 925; x_wconf 80' lang='lat' dir='ltr'><strong>confirmandum</strong></span> <span class='ocrx_word' id='word_1_20' title='bbox 1843 855 1912 923; x_wconf 64' lang='lat' dir='ltr'><strong>ut</strong></span> 
     </span>
    </p>
   </div>
   <div class='ocr_carea' id='block_1_3' title="bbox 700 1249 874 1277">
    <p class='ocr_par' dir='ltr' id='par_1_3' title="bbox 700 1249 874 1277">
     <span class='ocr_line' id='line_1_4' title="bbox 700 1249 874 1277; baseline -0.006 1"><span class='ocrx_word' id='word_1_21' title='bbox 700 1249 874 1277; x_wconf 68' lang='lat' dir='ltr'><strong>-nr-u-</strong></span> 
     </span>
    </p>
   </div>
   <div class='ocr_carea' id='block_1_4' title="bbox 884 1603 1336 1719">
    <p class='ocr_par' dir='ltr' id='par_1_4' title="bbox 884 1603 1336 1719">
     <span class='ocr_line' id='line_1_5' title="bbox 884 1603 1336 1719; baseline -0.02 -1"><span class='ocrx_word' id='word_1_22' title='bbox 884 1603 1336 1719; x_wconf 76' lang='lat' dir='ltr'><strong>CAPUTX.</strong></span> 
     </span>
    </p>
   </div>
   <div class='ocr_carea' id='block_1_5' title="bbox 756 1904 1455 1968">
    <p class='ocr_par' dir='ltr' id='par_1_5' title="bbox 756 1904 1455 1968">
     <span class='ocr_line' id='line_1_6' title="bbox 756 1904 1455 1968; baseline -0.014 0"><span class='ocrx_word' id='word_1_23' title='bbox 756 1912 807 1968; x_wconf 74' lang='grc' dir='ltr'><strong>ΒΕ</strong></span> <span class='ocrx_word' id='word_1_24' title='bbox 832 1910 969 1968; x_wconf 73' lang='lat' dir='ltr'><strong>tntum</strong></span> <span class='ocrx_word' id='word_1_25' title='bbox 993 1909 1154 1966; x_wconf 73' lang='lat' dir='ltr'><strong>omenta</strong></span> <span class='ocrx_word' id='word_1_26' title='bbox 1178 1904 1455 1961; x_wconf 72' lang='lat' dir='ltr'><strong>consternunt.</strong></span> 
     </span>
    </p>
   </div>
   <div class='ocr_carea' id='block_1_6' title="bbox 1054 2178 1159 2280">
    <p class='ocr_par' dir='ltr' id='par_1_6' title="bbox 1054 2178 1159 2280">
     <span class='ocr_line' id='line_1_7' title="bbox 1054 2178 1159 2280; baseline 0 -27"><span class='ocrx_word' id='word_1_27' title='bbox 1054 2178 1088 2280; x_wconf 68' lang='grc' dir='ltr'><strong>ς.</strong></span> <span class='ocrx_word' id='word_1_28' title='bbox 1128 2181 1159 2253; x_wconf 88' lang='grc' dir='ltr'><strong>ι.</strong></span> 
     </span>
    </p>
   </div>
   <div class='ocr_carea' id='block_1_7' title="bbox 188 2398 2010 3012">
    <p class='ocr_par' dir='ltr' id='par_1_7' title="bbox 188 2398 2010 2866">
     <span class='ocr_line' id='line_1_8' title="bbox 239 2398 2008 2511; baseline 0.004 -28"><span class='ocrx_word' id='word_1_29' title='bbox 239 2408 444 2506; x_wconf 81' lang='lat' dir='ltr'><strong>Singulare</strong></span> <span class='ocrx_word' id='word_1_30' title='bbox 464 2406 567 2482; x_wconf 84' lang='lat' dir='ltr'><strong>illud</strong></span> <span class='ocrx_word' id='word_1_31' title='bbox 592 2409 906 2507; x_wconf 85' lang='lat' dir='ltr'><strong>phaenomenon‚</strong></span> <span class='ocrx_word' id='word_1_32' title='bbox 931 2426 1012 2502; x_wconf 89' lang='lat' dir='ltr'><strong>quo</strong></span> <span class='ocrx_word' id='word_1_33' title='bbox 1033 2401 1227 2477; x_wconf 85' lang='lat' dir='ltr'><strong>Saturnus</strong></span> <span class='ocrx_word' id='word_1_34' title='bbox 1251 2409 1456 2500; x_wconf 79' lang='lat' dir='ltr'>tantopere</span> <span class='ocrx_word' id='word_1_35' title='bbox 1479 2398 1741 2500; x_wconf 76' lang='lat' dir='ltr'><strong>distiugnitnr</strong></span> <span class='ocrx_word' id='word_1_36' title='bbox 1767 2409 1818 2482; x_wconf 91' lang='lat' dir='ltr'><strong>ab</strong></span> <span class='ocrx_word' id='word_1_37' title='bbox 1844 2411 2008 2511; x_wconf 88' lang='lat' dir='ltr'><strong>reliquis</strong></span> 
     </span>
     <span class='ocr_line' id='line_1_9' title="bbox 190 2526 2010 2632; baseline 0.004 -25"><span class='ocrx_word' id='word_1_38' title='bbox 190 2538 410 2632; x_wconf 68' lang='lat' dir='ltr'><strong>systematis</strong></span> <span class='ocrx_word' id='word_1_39' title='bbox 429 2536 568 2610; x_wconf 86' lang='lat' dir='ltr'><strong>solaris</strong></span> <span class='ocrx_word' id='word_1_40' title='bbox 585 2536 775 2632; x_wconf 58' lang='lat' dir='ltr'><strong>planem,</strong></span> <span class='ocrx_word' id='word_1_41' title='bbox 793 2536 879 2631; x_wconf 85' lang='lat' dir='ltr'><strong>jam</strong></span> <span class='ocrx_word' id='word_1_42' title='bbox 899 2530 1055 2630; x_wconf 80' lang='lat' dir='ltr'><strong>pridem</strong></span> <span class='ocrx_word' id='word_1_43' title='bbox 1074 2530 1169 2603; x_wconf 89' lang='lat' dir='ltr'><strong>huic</strong></span> <span class='ocrx_word' id='word_1_44' title='bbox 1186 2526 1406 2626; x_wconf 88' lang='lat' dir='ltr'><strong>quaestioni</strong></span> <span class='ocrx_word' id='word_1_45' title='bbox 1429 2548 1560 2599; x_wconf 86' lang='lat' dir='ltr'><strong>ansam</strong></span> <span class='ocrx_word' id='word_1_46' title='bbox 1591 2530 1793 2625; x_wconf 84' lang='lat' dir='ltr'><strong>praebuit:</strong></span> <span class='ocrx_word' id='word_1_47' title='bbox 1817 2558 2010 2632; x_wconf 88' lang='lat' dir='ltr'><strong>quaenam</strong></span> 
     </span>
     <span class='ocr_line' id='line_1_10' title="bbox 190 2651 2010 2764; baseline 0.004 -32"><span class='ocrx_word' id='word_1_48' title='bbox 190 2660 312 2758; x_wconf 88' lang='lat' dir='ltr'><strong>hujus</strong></span> <span class='ocrx_word' id='word_1_49' title='bbox 338 2665 399 2736; x_wconf 88' lang='lat' dir='ltr'><strong>rei</strong></span> <span class='ocrx_word' id='word_1_50' title='bbox 427 2684 543 2737; x_wconf 85' lang='lat' dir='ltr'><strong>causa</strong></span> <span class='ocrx_word' id='word_1_51' title='bbox 571 2661 660 2734; x_wconf 70' lang='lat' dir='ltr'><strong>esti)</strong></span> <span class='ocrx_word' id='word_1_52' title='bbox 715 2654 922 2759; x_wconf 79' lang='lat' dir='ltr'><strong>Quomodo</strong></span> <span class='ocrx_word' id='word_1_53' title='bbox 948 2656 1057 2731; x_wconf 86' lang='lat' dir='ltr'><strong>hicce</strong></span> <span class='ocrx_word' id='word_1_54' title='bbox 1091 2654 1281 2744; x_wconf 72' lang='lat' dir='ltr'><strong>anundus,</strong></span> <span class='ocrx_word' id='word_1_55' title='bbox 1317 2654 1399 2728; x_wconf 86' lang='lat' dir='ltr'><strong>sive</strong></span> <span class='ocrx_word' id='word_1_56' title='bbox 1433 2652 1509 2726; x_wconf 91' lang='lat' dir='ltr'><strong>hoc</strong></span> <span class='ocrx_word' id='word_1_57' title='bbox 1537 2651 1830 2750; x_wconf 84' lang='lat' dir='ltr'><strong>phaenomencn</strong></span> <span class='ocrx_word' id='word_1_58' title='bbox 1864 2662 2010 2764; x_wconf 87' lang='lat' dir='ltr'><strong>incepit</strong></span> 
     </span>
     <span class='ocr_line' id='line_1_11' title="bbox 188 2787 1228 2866; baseline 0.009 -9"><span class='ocrx_word' id='word_1_59' title='bbox 188 2787 389 2863; x_wconf 77' lang='lat' dir='ltr'><strong>existeret&gt;</strong></span> <span class='ocrx_word' id='word_1_60' title='bbox 1224 2858 1228 2866; x_wconf 92' lang='lat'>.</span> 
     </span>
    </p>

    <p class='ocr_par' dir='ltr' id='par_1_8' title="bbox 235 2904 2007 3012">
     <span class='ocr_line' id='line_1_12' title="bbox 235 2904 2007 3012; baseline 0.001 -28"><span class='ocrx_word' id='word_1_61' title='bbox 235 2910 294 2984; x_wconf 84' lang='lat' dir='ltr'><strong>En</strong></span> <span class='ocrx_word' id='word_1_62' title='bbox 316 2913 554 2987; x_wconf 79' lang='lat' dir='ltr'><strong>occasionem</strong></span> <span class='ocrx_word' id='word_1_63' title='bbox 572 2910 692 2983; x_wconf 85' lang='lat' dir='ltr'><strong>variis</strong></span> <span class='ocrx_word' id='word_1_64' title='bbox 713 2907 949 3006; x_wconf 85' lang='lat' dir='ltr'><strong>conjecturis</strong></span> <span class='ocrx_word' id='word_1_65' title='bbox 975 2906 1446 3006; x_wconf 87' lang='lat' dir='ltr'><strong>contemplationibusque</strong></span> <span class='ocrx_word' id='word_1_66' title='bbox 1474 2904 1666 2997; x_wconf 82' lang='lat' dir='ltr'><strong>oblatam,</strong></span> <span class='ocrx_word' id='word_1_67' title='bbox 1692 2908 1837 3004; x_wconf 90' lang='lat' dir='ltr'><strong>quibus</strong></span> <span class='ocrx_word' id='word_1_68' title='bbox 1874 2914 2007 3012; x_wconf 85' lang='lat' dir='ltr'><strong>plures</strong></span> 
     </span>
    </p>
   </div>
   <div class='ocr_carea' id='block_1_8' title="bbox 183 3030 2008 3257">
    <p class='ocr_par' dir='ltr' id='par_1_9' title="bbox 183 3030 2008 3257">
     <span class='ocr_line' id='line_1_13' title="bbox 186 3030 2008 3136; baseline -0.001 -25"><span class='ocrx_word' id='word_1_69' title='bbox 186 3038 406 3112; x_wconf 75' lang='lat' dir='ltr'><strong>astronomi</strong></span> <span class='ocrx_word' id='word_1_70' title='bbox 429 3060 469 3110; x_wconf 88' lang='lat' dir='ltr'><strong>se</strong></span> <span class='ocrx_word' id='word_1_71' title='bbox 490 3042 791 3132; x_wconf 84' lang='lat' dir='ltr'><strong>occupaverunt.</strong></span> <span class='ocrx_word' id='word_1_72' title='bbox 840 3031 1076 3133; x_wconf 77' lang='lat' dir='ltr'><strong>Praecipuae</strong></span> <span class='ocrx_word' id='word_1_73' title='bbox 1108 3056 1268 3125; x_wconf 85' lang='lat' dir='ltr'><strong>earum,</strong></span> <span class='ocrx_word' id='word_1_74' title='bbox 1301 3053 1402 3130; x_wconf 86' lang='lat' dir='ltr'><strong>quae</strong></span> <span class='ocrx_word' id='word_1_75' title='bbox 1430 3030 1483 3105; x_wconf 85' lang='lat' dir='ltr'><strong>ad</strong></span> <span class='ocrx_word' id='word_1_76' title='bbox 1513 3054 1639 3105; x_wconf 87' lang='lat' dir='ltr'><strong>meam</strong></span> <span class='ocrx_word' id='word_1_77' title='bbox 1659 3035 1840 3110; x_wconf 75' lang='lat' dir='ltr'><strong>notitiam</strong></span> <span class='ocrx_word' id='word_1_78' title='bbox 1872 3062 2008 3136; x_wconf 79' lang='lat' dir='ltr'><strong>pervo-</strong></span> 
     </span>
     <span class='ocr_line' id='line_1_14' title="bbox 183 3159 888 3257; baseline -0.007 -19"><span class='ocrx_word' id='word_1_79' title='bbox 183 3164 344 3257; x_wconf 79' lang='lat' dir='ltr'><strong>nerim,</strong></span> <span class='ocrx_word' id='word_1_80' title='bbox 369 3163 544 3238; x_wconf 85' lang='lat' dir='ltr'><strong>breviter</strong></span> <span class='ocrx_word' id='word_1_81' title='bbox 566 3159 888 3235; x_wconf 86' lang='lat' dir='ltr'><strong>commemorabo.</strong></span> 
     </span>
    </p>
   </div>
   <div class='ocr_carea' id='block_1_9' title="bbox 1042 3359 1159 3460">
    <p class='ocr_par' dir='ltr' id='par_1_10' title="bbox 1042 3359 1159 3460">
     <span class='ocr_line' id='line_1_15' title="bbox 1042 3359 1159 3460; baseline -0.034 -20"><span class='ocrx_word' id='word_1_82' title='bbox 1042 3359 1073 3460; x_wconf 65' lang='grc' dir='ltr'><strong>ς.</strong></span> <span class='ocrx_word' id='word_1_83' title='bbox 1122 3364 1159 3439; x_wconf 86' lang='lat'><strong>2.</strong></span> 
     </span>
    </p>
   </div>
   <div class='ocr_carea' id='block_1_10' title="bbox 182 3577 2005 4564">
    <p class='ocr_par' dir='ltr' id='par_1_11' title="bbox 183 3577 2005 3935">
     <span class='ocr_line' id='line_1_16' title="bbox 235 3577 2005 3684; baseline 0.001 -28"><span class='ocrx_word' id='word_1_84' title='bbox 235 3582 292 3660; x_wconf 86' lang='lat' dir='ltr'><strong>Ut</strong></span> <span class='ocrx_word' id='word_1_85' title='bbox 318 3585 448 3684; x_wconf 88' lang='lat' dir='ltr'><strong>primo</strong></span> <span class='ocrx_word' id='word_1_86' title='bbox 477 3580 605 3679; x_wconf 84' lang='lat' dir='ltr'><strong>capite</strong></span> <span class='ocrx_word' id='word_1_87' title='bbox 630 3578 820 3668; x_wconf 79' lang='lat' dir='ltr'><strong>vidimus,</strong></span> <span class='ocrx_word' id='word_1_88' title='bbox 855 3577 1064 3659; x_wconf 77' lang='lat' dir='ltr'><strong>Ronnnrun</strong></span> <span class='ocrx_word' id='word_1_89' title='bbox 1090 3581 1250 3664; x_wconf 83' lang='lat' dir='ltr'><strong>statuit,</strong></span> <span class='ocrx_word' id='word_1_90' title='bbox 1279 3582 1466 3658; x_wconf 86' lang='lat' dir='ltr'><strong>annulum</strong></span> <span class='ocrx_word' id='word_1_91' title='bbox 1493 3578 1685 3679; x_wconf 77' lang='lat' dir='ltr'><strong>originem</strong></span> <span class='ocrx_word' id='word_1_92' title='bbox 1718 3602 1828 3655; x_wconf 88' lang='lat' dir='ltr'><strong>suam</strong></span> <span class='ocrx_word' id='word_1_93' title='bbox 1851 3584 2005 3666; x_wconf 79' lang='lat' dir='ltr'><strong>exbala-</strong></span> 
     </span>
     <span class='ocr_line' id='line_1_17' title="bbox 183 3705 2003 3803; baseline 0.002 -18"><span class='ocrx_word' id='word_1_94' title='bbox 183 3712 361 3785; x_wconf 86' lang='lat' dir='ltr'><strong>tionibus</strong></span> <span class='ocrx_word' id='word_1_95' title='bbox 387 3707 551 3799; x_wconf 80' lang='lat' dir='ltr'><strong>dobere,</strong></span> <span class='ocrx_word' id='word_1_96' title='bbox 575 3729 677 3802; x_wconf 89' lang='lat' dir='ltr'><strong>quae</strong></span> <span class='ocrx_word' id='word_1_97' title='bbox 703 3705 762 3778; x_wconf 85' lang='lat' dir='ltr'><strong>vel</strong></span> <span class='ocrx_word' id='word_1_98' title='bbox 783 3728 829 3778; x_wconf 79' lang='lat' dir='ltr'><strong>en</strong></span> <span class='ocrx_word' id='word_1_99' title='bbox 857 3716 1069 3803; x_wconf 85' lang='lat' dir='ltr'><strong>aequatore</strong></span> <span class='ocrx_word' id='word_1_100' title='bbox 1096 3708 1157 3781; x_wconf 84' lang='lat' dir='ltr'><strong>vel</strong></span> <span class='ocrx_word' id='word_1_101' title='bbox 1177 3732 1221 3783; x_wconf 85' lang='lat' dir='ltr'><strong>ex</strong></span> <span class='ocrx_word' id='word_1_102' title='bbox 1242 3707 1403 3783; x_wconf 84' lang='lat' dir='ltr'><strong>Saturni</strong></span> <span class='ocrx_word' id='word_1_103' title='bbox 1426 3731 1524 3782; x_wconf 87' lang='lat' dir='ltr'><strong>aona</strong></span> <span class='ocrx_word' id='word_1_104' title='bbox 1547 3706 1705 3782; x_wconf 86' lang='lat' dir='ltr'><strong>torrida</strong></span> <span class='ocrx_word' id='word_1_105' title='bbox 1723 3707 2003 3788; x_wconf 86' lang='lat' dir='ltr'><strong>adscenderent</strong></span> 
     </span>
     <span class='ocr_line' id='line_1_18' title="bbox 183 3830 920 3935; baseline -0.007 -24"><span class='ocrx_word' id='word_1_106' title='bbox 183 3848 307 3935; x_wconf 86' lang='lat' dir='ltr'><strong>atque</strong></span> <span class='ocrx_word' id='word_1_107' title='bbox 329 3838 386 3911; x_wconf 88' lang='lat' dir='ltr'><strong>ita</strong></span> <span class='ocrx_word' id='word_1_108' title='bbox 406 3830 507 3909; x_wconf 76' lang='lat' dir='ltr'><strong>solis‘</strong></span> <span class='ocrx_word' id='word_1_109' title='bbox 519 3834 644 3909; x_wconf 83' lang='lat' dir='ltr'><strong>lucem</strong></span> <span class='ocrx_word' id='word_1_110' title='bbox 664 3830 920 3906; x_wconf 75' lang='lat' dir='ltr'><strong>reflectemnt.</strong></span> 
     </span>
    </p>

    <p class='ocr_par' dir='ltr' id='par_1_12' title="bbox 237 3958 1185 4059">
     <span class='ocr_line' id='line_1_19' title="bbox 237 3958 1185 4059; baseline -0.003 -22"><span class='ocrx_word' id='word_1_111' title='bbox 237 3963 343 4037; x_wconf 88' lang='lat' dir='ltr'><strong>Huic</strong></span> <span class='ocrx_word' id='word_1_112' title='bbox 356 3962 475 4036; x_wconf 87' lang='lat' dir='ltr'><strong>etiam</strong></span> <span class='ocrx_word' id='word_1_113' title='bbox 492 3961 681 4036; x_wconf 81' lang='lat' dir='ltr'><strong>Wnrsron</strong></span> <span class='ocrx_word' id='word_1_114' title='bbox 700 3960 919 4032; x_wconf 82' lang='lat' dir='ltr'><strong>consentire</strong></span> <span class='ocrx_word' id='word_1_115' title='bbox 941 3958 1100 4034; x_wconf 82' lang='lat' dir='ltr'><strong>videtur</strong></span> <span class='ocrx_word' id='word_1_116' title='bbox 1120 3958 1185 4059; x_wconf 74' lang='lat' dir='ltr'><strong>(l).</strong></span> 
     </span>
    </p>

    <p class='ocr_par' dir='ltr' id='par_1_13' title="bbox 182 4082 2001 4564">
     <span class='ocr_line' id='line_1_20' title="bbox 236 4082 1998 4187; baseline -0.001 -22"><span class='ocrx_word' id='word_1_117' title='bbox 236 4087 317 4165; x_wconf 79' lang='lat' dir='ltr'><strong>Alii</strong></span> <span class='ocrx_word' id='word_1_118' title='bbox 335 4099 465 4163; x_wconf 86' lang='lat' dir='ltr'><strong>autem</strong></span> <span class='ocrx_word' id='word_1_119' title='bbox 483 4087 688 4163; x_wconf 74' lang='lat' dir='ltr'><strong>censebant</strong></span> <span class='ocrx_word' id='word_1_120' title='bbox 706 4083 929 4183; x_wconf 84' lang='lat' dir='ltr'><strong>philosophi</strong></span> <span class='ocrx_word' id='word_1_121' title='bbox 950 4082 1026 4185; x_wconf 87' lang='lat'><strong>(2),</strong></span> <span class='ocrx_word' id='word_1_122' title='bbox 1049 4109 1130 4161; x_wconf 85' lang='lat' dir='ltr'><strong>esse</strong></span> <span class='ocrx_word' id='word_1_123' title='bbox 1146 4087 1429 4187; x_wconf 75' lang='lat' dir='ltr'><strong>phaenomena,</strong></span> <span class='ocrx_word' id='word_1_124' title='bbox 1454 4108 1555 4183; x_wconf 88' lang='lat' dir='ltr'><strong>quae</strong></span> <span class='ocrx_word' id='word_1_125' title='bbox 1574 4086 1765 4185; x_wconf 77' lang='lat' dir='ltr'><strong>originem</strong></span> <span class='ocrx_word' id='word_1_126' title='bbox 1788 4083 1998 4181; x_wconf 76' lang='lat' dir='ltr'><strong>haberent,</strong></span> 
     </span>
     <span class='ocr_line' id='line_1_21' title="bbox 184 4210 2001 4314; baseline -0.001 -23"><span class='ocrx_word' id='word_1_127' title='bbox 184 4238 233 4291; x_wconf 85' lang='lat' dir='ltr'><strong>ex</strong></span> <span class='ocrx_word' id='word_1_128' title='bbox 257 4214 419 4289; x_wconf 82' lang='lat' dir='ltr'><strong>Saturni</strong></span> <span class='ocrx_word' id='word_1_129' title='bbox 440 4215 521 4289; x_wconf 89' lang='lat' dir='ltr'><strong>situ</strong></span> <span class='ocrx_word' id='word_1_130' title='bbox 538 4214 662 4311; x_wconf 76' lang='lat' dir='ltr'><strong>magis</strong></span> <span class='ocrx_word' id='word_1_131' title='bbox 677 4212 854 4285; x_wconf 78' lang='lat' dir='ltr'><strong>minusve</strong></span> <span class='ocrx_word' id='word_1_132' title='bbox 872 4211 1047 4308; x_wconf 88' lang='lat' dir='ltr'><strong>obliquo.</strong></span> <span class='ocrx_word' id='word_1_133' title='bbox 1095 4211 1157 4285; x_wconf 79' lang='lat' dir='ltr'><strong>Ad</strong></span> <span class='ocrx_word' id='word_1_134' title='bbox 1175 4212 1251 4287; x_wconf 91' lang='lat' dir='ltr'><strong>hoo</strong></span> <span class='ocrx_word' id='word_1_135' title='bbox 1278 4211 1397 4284; x_wconf 85' lang='lat' dir='ltr'><strong>etiam</strong></span> <span class='ocrx_word' id='word_1_136' title='bbox 1420 4210 1625 4287; x_wconf 77' lang='lat' dir='ltr'><strong>Homnnnu</strong></span> <span class='ocrx_word' id='word_1_137' title='bbox 1648 4211 1887 4309; x_wconf 77' lang='lat' dir='ltr'><strong>pertinebat,</strong></span> <span class='ocrx_word' id='word_1_138' title='bbox 1912 4217 2001 4314; x_wconf 79' lang='lat' dir='ltr'><strong>qni,</strong></span> 
     </span>
     <span class='ocr_line' id='line_1_22' title="bbox 182 4336 2000 4440; baseline 0.002 -24"><span class='ocrx_word' id='word_1_139' title='bbox 182 4351 232 4416; x_wconf 89' lang='lat' dir='ltr'><strong>ut</strong></span> <span class='ocrx_word' id='word_1_140' title='bbox 242 4340 373 4440; x_wconf 88' lang='lat' dir='ltr'><strong>primo</strong></span> <span class='ocrx_word' id='word_1_141' title='bbox 385 4341 513 4440; x_wconf 87' lang='lat' dir='ltr'><strong>eapite</strong></span> <span class='ocrx_word' id='word_1_142' title='bbox 532 4339 723 4421; x_wconf 71' lang='lat' dir='ltr'><strong>vidims,</strong></span> <span class='ocrx_word' id='word_1_143' title='bbox 740 4336 913 4411; x_wconf 85' lang='lat' dir='ltr'><strong>maculas</strong></span> <span class='ocrx_word' id='word_1_144' title='bbox 930 4361 1013 4413; x_wconf 85' lang='lat' dir='ltr'><strong>esse</strong></span> <span class='ocrx_word' id='word_1_145' title='bbox 1024 4340 1191 4439; x_wconf 86' lang='lat' dir='ltr'><strong>putabat</strong></span> <span class='ocrx_word' id='word_1_146' title='bbox 1208 4337 1608 4413; x_wconf 82' lang='lat' dir='ltr'><strong>vacuaiilaannulum</strong></span> <span class='ocrx_word' id='word_1_147' title='bbox 1618 4336 1724 4410; x_wconf 85' lang='lat' dir='ltr'><strong>inter</strong></span> <span class='ocrx_word' id='word_1_148' title='bbox 1742 4349 1784 4414; x_wconf 88' lang='lat' dir='ltr'><strong>et</strong></span> <span class='ocrx_word' id='word_1_149' title='bbox 1802 4340 2000 4438; x_wconf 83' lang='lat' dir='ltr'><strong>planetam</strong></span> 
     </span>
     <span class='ocr_line' id='line_1_23' title="bbox 183 4463 2000 4564; baseline 0.003 -23"><span class='ocrx_word' id='word_1_150' title='bbox 183 4465 418 4557; x_wconf 82' lang='lat' dir='ltr'><strong>intervalla,</strong></span> <span class='ocrx_word' id='word_1_151' title='bbox 455 4467 514 4540; x_wconf 82' lang='lat' dir='ltr'><strong>ita</strong></span> <span class='ocrx_word' id='word_1_152' title='bbox 533 4475 599 4556; x_wconf 85' lang='lat' dir='ltr'><strong>nt,</strong></span> <span class='ocrx_word' id='word_1_153' title='bbox 633 4463 846 4540; x_wconf 86' lang='lat' dir='ltr'><strong>secundum</strong></span> <span class='ocrx_word' id='word_1_154' title='bbox 878 4463 963 4562; x_wconf 86' lang='lat' dir='ltr'><strong>ejus</strong></span> <span class='ocrx_word' id='word_1_155' title='bbox 990 4466 1241 4542; x_wconf 82' lang='lat' dir='ltr'><strong>assertionem</strong></span> <span class='ocrx_word' id='word_1_156' title='bbox 1268 4463 1513 4564; x_wconf 86' lang='lat' dir='ltr'><strong>sphaeroidis</strong></span> <span class='ocrx_word' id='word_1_157' title='bbox 1533 4486 1623 4538; x_wconf 89' lang='lat' dir='ltr'><strong>oum</strong></span> <span class='ocrx_word' id='word_1_158' title='bbox 1649 4463 1803 4540; x_wconf 85' lang='lat' dir='ltr'><strong>duabus</strong></span> <span class='ocrx_word' id='word_1_159' title='bbox 1824 4469 2000 4546; x_wconf 81' lang='lat' dir='ltr'><strong>obscuris</strong></span> 
     </span>
    </p>
   </div>
   <div class='ocr_carea' id='block_1_11' title="bbox 189 4719 395 4749">
    <p class='ocr_par' dir='ltr' id='par_1_14' title="bbox 189 4719 395 4749">
     <span class='ocr_line' id='line_1_24' title="bbox 189 4719 395 4749; baseline -0.029 0"><span class='ocrx_word' id='word_1_160' title='bbox 189 4719 395 4749; x_wconf 41' lang='grc' dir='ltr'><em>ἠ</em></span> 
     </span>
    </p>
   </div>
   <div class='ocr_carea' id='block_1_12' title="bbox 182 4901 1993 5220">
    <p class='ocr_par' dir='ltr' id='par_1_15' title="bbox 182 4901 1993 5220">
     <span class='ocr_line' id='line_1_25' title="bbox 211 4901 863 4997; baseline -0.002 -22"><span class='ocrx_word' id='word_1_161' title='bbox 211 4904 285 4997; x_wconf 78' lang='lat' dir='ltr'><strong>¹(li</strong></span> <span class='ocrx_word' id='word_1_162' title='bbox 307 4905 500 4985; x_wconf 79' lang='lat' dir='ltr'><strong>Wursron,</strong></span> <span class='ocrx_word' id='word_1_163' title='bbox 525 4902 698 4974; x_wconf 78' lang='lat' dir='ltr'><strong>Praeleot.</strong></span> <span class='ocrx_word' id='word_1_164' title='bbox 719 4901 863 4974; x_wconf 76' lang='lat' dir='ltr'><strong>Astron.</strong></span> 
     </span>
     <span class='ocr_line' id='line_1_26' title="bbox 182 5012 1993 5220; baseline -0.007 -132"><span class='ocrx_word' id='word_1_165' title='bbox 182 5017 289 5198; x_wconf 52' lang='lat' dir='ltr'><strong>“pil</strong></span> <span class='ocrx_word' id='word_1_166' title='bbox 306 5016 419 5220; x_wconf 55' lang='lat' dir='ltr'><strong>lipolpu</strong></span> <span class='ocrx_word' id='word_1_167' title='bbox 428 5013 658 5197; x_wconf 45' lang='lat' dir='ltr'><strong>lppgtospur,</strong></span> <span class='ocrx_word' id='word_1_168' title='bbox 682 5015 798 5089; x_wconf 70' lang='lat' dir='ltr'><strong>Euat</strong></span> <span class='ocrx_word' id='word_1_169' title='bbox 822 5038 885 5084; x_wconf 76' lang='lat' dir='ltr'><strong>rur</strong></span> <span class='ocrx_word' id='word_1_170' title='bbox 912 5015 964 5085; x_wconf 72' lang='lat' dir='ltr'><strong>les</strong></span> <span class='ocrx_word' id='word_1_171' title='bbox 976 5014 1085 5109; x_wconf 65' lang='lat' dir='ltr'><strong>pltea.</strong></span> <span class='ocrx_word' id='word_1_172' title='bbox 1109 5015 1174 5097; x_wconf 70' lang='lat' dir='ltr'><strong>rel,</strong></span> <span class='ocrx_word' id='word_1_173' title='bbox 1195 5037 1268 5090; x_wconf 70' lang='lat' dir='ltr'><strong>crta</strong></span> <span class='ocrx_word' id='word_1_174' title='bbox 1289 5012 1429 5109; x_wconf 71' lang='lat' dir='ltr'><strong>dispar.</strong></span> <span class='ocrx_word' id='word_1_175' title='bbox 1445 5013 1584 5108; x_wconf 70' lang='lat' dir='ltr'><strong>ptr-iod.</strong></span> <span class='ocrx_word' id='word_1_176' title='bbox 1613 5014 1655 5085; x_wconf 79' lang='lat' dir='ltr'><strong>de</strong></span> <span class='ocrx_word' id='word_1_177' title='bbox 1672 5016 1834 5084; x_wconf 67' lang='lat' dir='ltr'><strong>vanum</strong></span> <span class='ocrx_word' id='word_1_178' title='bbox 1854 5016 1897 5087; x_wconf 61' lang='lat' dir='ltr'><strong>da</strong></span> <span class='ocrx_word' id='word_1_179' title='bbox 1920 5017 1993 5090; x_wconf 59' lang='lat' dir='ltr'><strong>Sa.</strong></span> 
     </span>
    </p>
   </div>
   <div class='ocr_carea' id='block_1_13' title="bbox 0 0 2490 6164">
    <p class='ocr_par' dir='ltr' id='par_1_16' title="bbox 0 0 2490 6164">
     <span class='ocr_line' id='line_1_27' title="bbox 0 0 2490 6164; baseline 0 0"><span class='ocrx_word' id='word_1_180' title='bbox 0 0 2490 6164; x_wconf 95' lang='lat' dir='ltr'><strong> </strong></span> 
     </span>
    </p>
   </div>
  </div>
 </body>
</html>
