4970 6164
987 490 1182 577 -2111
1228 526 1298 561 ...-

228 698 304 778 hoe
326 696 522 775 matutino
560 697 736 790 tempore
768 688 978 791 praecipue
1008 690 1286 769 occidentalem
1318 688 1456 771 annuli
1484 693 1627 770 lineam
1657 690 1825 772 fortiore
1863 697 2030 792 tumme,

229 843 348 921 quam
389 819 616 898 orientalem
651 819 694 892 in
738 815 896 890 oculum
931 814 1105 903 cadere;
1146 840 1267 913 quum
1303 821 1509 895 orientalis
1547 820 1591 893 in
1627 821 1816 895 ambabus
1862 826 2039 921 proxime

227 947 549 1049 praecedentibus
564 943 901 1020 observationibus
917 944 942 1017 3
960 950 1005 1014 et
1023 944 1047 1015 4
1067 941 1147 1016 diei
1173 943 1400 1020 Novembris
1427 946 1598 1022 fortiore
1628 944 1777 1020 lumine
1798 970 1913 1045 quam
1939 952 2041 1037 occis

224 1074 394 1148 dentalis
413 1073 669 1147 inveniretur.
717 1068 976 1143 lletinuerant
1002 1066 1083 1139 tria
1099 1078 1251 1164 puncta
1275 1070 1445 1147 firmiter
1478 1073 1729 1144 immutatum
1752 1095 1865 1147 suum
1894 1071 2036 1166 situm,

226 1200 335 1298 quod
363 1198 471 1274 dieo
491 1197 719 1274 Novembris
737 1194 873 1269 eodem
892 1192 1022 1266 adhue
1037 1193 1156 1267 modo
1179 1196 1390 1271 obtinebat.
1440 1195 1574 1293 Usque
1593 1194 1646 1267 ad
1669 1195 1774 1269 diem
1802 1202 1850 1274 30
1876 1201 2039 1275 Novem·

226 1325 310 1398 bris
331 1345 482 1422 semper
502 1321 689 1395 adversus
714 1322 785 1392 a'c'r
811 1327 917 1400 erat,
943 1318 1002 1391 ita
1027 1326 1075 1390 ut
1105 1318 1306 1395 Senndrna
1340 1329 1436 1393 tnnc
1463 1341 1552 1392 suas
1587 1318 1723 1391 finiret
1740 1322 2037 1400 observationes.

225 1451 407 1526 Attamen
429 1448 676 1522 Haunmcrus
708 1444 772 1518 die
799 1441 1052 1518 ssFebrnarii
1082 1445 1174 1518 anni
1206 1445 1319 1533 1804,
1343 1445 1552 1543 telesoopio
1578 1444 1784 1542 spadum,
1813 1450 1950 1524 omnia
1970 1451 2039 1523 ad,

224 1577 303 1652 huo
319 1584 468 1674 puncta
492 1573 628 1648 eodem
650 1573 738 1645 loco
758 1569 926 1643 ridebat.
1410 1671 1416 1681 ι

272 1702 479 1776 Conclusio
511 1718 631 1795 ergo,
656 1720 783 1794 >quam
822 1696 1023 1770 Senniirun
1044 1717 1097 1769 ’ex
1125 1696 1195 1770 ille
1233 1697 1550 1770 observationum
1578 1700 1678 1773 serie
1703 1699 1891 1788 ducebat,
1924 1700 2039 1773 facile

221 1828 364 1925 conjici
390 1835 541 1925 potest,
564 1846 681 1923 quam
699 1821 984 1898 conclusionem
1010 1820 1103 1894 iude
1134 1846 1159 1896 a
1190 1846 1280 1921 pag.
1309 1825 1540 1908 llo—188,
1576 1822 1619 1897 in
1649 1824 2038 1925 Kronograpltieclre

223 1954 477 2051 Fregrnente
490 1947 626 2022 adhue
645 1946 815 2020 ulterius
840 1943 1156 2019 demonstrativo
1182 1948 1302 2021 modo
1327 1948 1561 2022 confirmare
1589 1959 1774 2037 conatum
1810 1949 1908 2023 Ecce
1932 1949 2040 2023 illius
2183 1952 2188 1961 '

221 2078 345 2154 rerba
367 2075 447 2174 (lte

267 2199 439 2274 »Duroh
463 2199 549 2273 eine
572 2222 615 2273 so
634 2196 917 2274 betrtohtliche
939 2196 1061 2272 Relhe
1092 2218 1170 2271 ron
1190 2198 1516 2293 Beobachtungen
1531 2198 1583 2271 ist
1612 2219 1652 2272 es
1671 2200 1757 2276 also
1782 2201 2040 2299 unwiderleg·

223 2327 331 2401 uber
353 2318 648 2400 mathematiscla
669 2318 834 2421 gemisse

272 2452 406 2526 s-Dass·
420 2452 494 2526 der
513 2452 619 2550 Ring
635 2451 703 2524 des
721 2452 885 2523 Saturus
911 2448 966 2521 im
996 2449 1254 2546 eigentliohen
1289 2449 1505 2523 Verstande
1532 2448 1696 2525 siderali
1720 2450 1836 2526 oicltt
1869 2476 1941 2527 um
1969 2453 2039 2527 die

221 2577 559 2677 »Saturnaliuget
575 2578 746 2666 retiret,
770 2572 939 2648 sondern
955 2575 997 2647 in
1013 2574 1147 2670 jedem
1175 2574 1318 2649 Punote
1333 2576 1439 2649 ihres
1471 2576 1689 2672 Aequators
1705 2577 1770 2650 ein
1787 2579 2039 2653 oocerriiok·

223 2702 330 2776 »bar
340 2703 429 2800 sest
449 2703 725 2777 verberationes
738 2699 1112 2798 Hirnmelrgetedlde
1131 2701 1275 2774 bildet:
1300 2701 1402 2775 derm
1422 2699 1511 2774 dass
1534 2723 1580 2774 er
1599 2702 1699 2774 ohne
1718 2699 1906 2776 Rotation
1924 2703 2040 2777 noth=

221 2829 411 2926 swendig
431 2830 497 2903 ein
518 2830 594 2905 fest
622 2826 891 2902 verbundeues
914 2823 1206 2921 Kreiegewdlbe
1226 2830 1489 2925 seyn-miisse,
1513 2827 1679 2901 erhellet
1701 2827 1820 2901 sclron
1845 2827 2036 2946 oprimi,

217 2954 344 3029 aweil
366 2963 473 3029 sonat
499 2955 603 3028 seine
628 2950 843 3042 einzelnen,
868 2951 978 3025 nicht
1005 2950 1079 3023 mit
1111 2951 1298 3026 einander
1326 2953 1601 3028 verbundeuen
1627 2952 1782 3043 Theile,
1817 2954 1917 3027 ohne
1943 2953 2037 3026 Cen*

221 3081 654 3177 »tumgalkmtmon
677 3078 781 3152 allen
804 3074 978 3151 Puneten
1002 3075 1123 3149 selues
1149 3074 1375 3155 Umlrreises
1404 3081 1477 3155 aul
1495 3078 1560 3153 me
1579 3078 1862 3177 Samrnskngel
1885 3081 2037 3177 gestiir·

222 3217 312 3282 »zet
332 3229 426 3305 seyn
442 3210 625 3281 miisstcn.
635 3205 659 3239 '⁵

1083 3392 1117 3501 a.
1156 3404 1194 3480 c.

267 3600 365 3675 Illae
386 3616 483 3696 ergo
506 3596 678 3675 duorum
693 3597 1000 3698 praecipuorum
1016 3598 1203 3699 Europae
1224 3609 1540 3675 astronomorum
1562 3606 1607 3673 ex
1623 3598 1795 3674 adverso
1815 3593 1891 3675 sibi
1915 3615 2035 3699 oppo-

219 3729 315 3801 sitae
336 3736 427 3801 sunt
444 3728 743 3802 observationes.
792 3724 886 3799 Utri
905 3748 1000 3822 ergo
1023 3726 1201 3800 veritatis
1228 3728 1404 3801 lauream
1431 3725 1654 3799 adscribere
1675 3724 1888 3803 debemusl'
1934 3728 2034 3802 Nen-

221 3863 329 3928 trum
349 3853 609 3950 negligentiae
628 3872 833 3952 possumus
859 3873 1060 3943 accusare,
1081 3852 1196 3949 ‘quod
1218 3876 1264 3926 er
1282 3852 1485 3949 plurimis,
1514 3872 1613 3945 quas
1631 3851 1829 3942 iecerunt,
1854 3853 2034 3927 observa·

218 3977 392 4052 tionibus
404 3984 596 4075 apparet,
621 3986 662 4049 et
690 3977 1058 4076 circumspectione,
1089 3994 1169 4074 qua
1197 3986 1287 4053 sunt
1306 3979 1530 4067 institutae,
1555 3985 1696 4050 neuter
1722 3975 1840 4049 etiam
1870 3973 2032 4048 illorum

217 4102 322 4178 mala
346 4101 423 4175 fide
442 4102 540 4199 egit3
564 4100 690 4174 ambo*
715 4102 915 4176 veritatem
932 4104 1184 4197 ‘quaerebant
1208 4111 1399 4177 ettamen
1429 4103 1623 4178 alteruter
1648 4111 1800 4175 tantum
1832 4100 2031 4172 veritatem

217 4227 394 4302 invenire
412 4226 559 4326 potuit3
583 4224 751 4299 annulus
772 4227 874 4300 enim
896 4250 975 4302 non
996 4228 1112 4301 simul
1136 4228 1346 4302 immobilis
1366 4252 1446 4303 esse
1473 4237 1513 4299 et
1532 4224 1661 4299 rotari
1684 4232 1825 4320 potest.
1874 4224 1953 4298 Diu
1970 4245 2035 4297 ne—

218 4351 410 4442 sciebant,
444 4349 642 4447 quomcdo
667 4349 748 4423 duo
776 4348 851 4424 sibi
869 4361 946 4423 tam
970 4354 1172 4427 contrario
1193 4354 1456 4451 phaenomena
1476 4352 1780 4446 conjungerent,
1803 4345 1928 4423 donee
1950 4347 2031 4420 duo

211 4473 413 4573 ‘praeclari
435 4472 651 4547 astronomi
684 4494 843 4568 operam
870 4454 1181 4550 dederint-litem
1211 4475 1455 4565 dirimendo,
1481 4474 1629 4548 seilicet
1661 4494 1709 4548 m
1739 4469 1868 4547 Pmcu
1890 4480 1930 4543 et
1958 4467 2035 4542 Οι-

213 4602 332 4686 eres}
365 4595 532 4696 palmum
560 4618 654 4671 vero
683 4601 902 4695 reportavit
947 4601 1233 4677 Heusmumus.
1291 4604 1506 4677 lmborum
1539 4597 1843 4696 explicationes,
1885 4590 2034 4690 quippe

215 4723 348 4822 magni
371 4721 577 4810 momenti,
602 4728 1008 4817 commemorabimuS,
1036 4748 1138 4821 qnae
1160 4726 1239 4801 huc
1255 4721 1433 4800 redeunt.
1585 4800 1588 4805 ,

260 4850 484 4924 Secundum
512 4865 561 4919 m
587 4843 716 4922 Percu
742 4848 798 4948 12)
824 4852 991 4926 annulus
1028 4852 1266 4949 compositus
1305 4871 1387 4923 esse
1417 4858 1546 4950 posset
1569 4869 1600 4921 a·
1615 4845 1738 4923 variis
1778 4842 2033 4920 concenutcis

264 5109 313 5195 (1)
338 5108 516 5199 Krocogr.
540 5108 715 5199 Frcgm.‚
736 5106 798 5179 Th.
820 5110 848 5181 Ι.
872 5137 945 5204 pag.
970 5118 1032 5182 179
1046 5127 1083 5181 et
1103 5115 1178 5183 186.

257 5218 309 5307 (2)
337 5216 591 5288 connaissance
610 5219 670 5285 des
689 5229 795 5312 temps
805 5244 900 5313 pour
913 5228 986 5293 I’en
1011 5226 1106 5293 1811.
1129 5246 1203 5317 pag.
1223 5228 1298 5296 452.
