4970 6164
1206 592 1529 672 „233-

448 796 546 874 illuc
566 792 803 872 confluentia
822 809 863 866 et
889 813 929 864 se
951 789 1244 889 interponentis
1273 812 1446 888 corpora
1480 791 1600 868 simul
1626 789 1779 892 lapides
1803 790 2015 891 angulares
2036 788 2147 866 firmi
2166 804 2284 870 areas

446 923 654 998 annularis
666 919 882 1005 efficerent,
907 917 979 1013 qui
997 926 1093 991 tunc
1113 940 1194 992 non
1213 930 1371 1017 possent
1390 914 1557 994 rotarii!

497 1048 620 1146 Atqui
638 1047 696 1120 ita
715 1043 836 1118 simili
856 1042 996 1131 modo,
1021 1041 1153 1117 adhuc
1175 1043 1301 1140 magis
1321 1044 1364 1117 in
1382 1044 1666 1118 remotioribus
1696 1041 1839 1120 circuli
1872 1040 2128 1134 circuitibus,
2153 1067 2282 1143 neque

446 1186 582 1250 tamen
600 1175 644 1248 in
662 1182 724 1247 tot
747 1170 883 1246 stratis
912 1178 1003 1267 post
1025 1190 1066 1242 se
1093 1168 1260 1245 laricem
1291 1179 1383 1243 orta
1407 1171 1562 1269 maj0ra
1589 1171 1824 1266 minoraque
1860 1190 2033 1266 corpora
2064 1192 2106 1244 se
2136 1174 2283 1249 cousti-
2366 1220 2370 1223 -

445 1311 626 1403 passam,
662 1319 764 1397 quae
799 1295 937 1369 itidem
961 1316 1006 1370 er
1037 1296 1221 1371 omnihus
1250 1296 1394 1371 circuli
1427 1297 1622 1373 circuitus
1650 1296 1809 1394 punctis
1840 1295 1883 1370 in
1906 1298 2133 1391 sequuturis
2161 1298 2283 1398 plano

444 1428 499 1501 ad
524 1424 685 1500 Saturni
716 1432 898 1498 centrum
928 1423 1200 1520 proruebant,
1223 1445 1327 1519 quac
1358 1445 1477 1513 vero,
1502 1446 1625 1520 quum
1657 1423 1891 1497 simultanea
1910 1422 2127 1498 multitudo
2150 1426 2283 1524 major

444 1563 565 1644 esset,
590 1553 825 1651 priusquam
849 1548 980 1623 adhuc
1000 1550 1191 1622 annulum
1226 1549 1457 1624 interiorem
1476 1560 1721 1647 praesentem
1739 1551 1857 1649 plane
1881 1559 2038 1647 possent
2056 1550 2279 1648 attingere,

436 1682 525 1779 J‘am
549 1679 655 1751 inter
675 1686 716 1750 et
733 1685 823 1774 post
846 1698 888 1749 se
910 1676 1077 1750 invicem
1104 1698 1145 1749 se
1172 1677 1454 1751 confirmarent
1480 1684 1520 1748 et
1547 1677 1863 1779 conprimerent,
1887 1676 2011 1750 donec
2030 1673 2191 1751 tandem
2220 1679 2281 1751 ul·

441 1808 562 1880 timae
583 1805 662 1879 huc
684 1803 922 1879 confluentes
942 1825 1090 1876 massae
1111 1802 1248 1877 eodem
1270 1803 1390 1877 modo
1418 1801 1570 1900 lapides
1598 1803 1809 1897 angulares
1826 1825 1866 1876 se
1897 1801 2198 1896 intersererem,
2223 1817 2283 1880 at-

438 1955 520 2030 que
549 1932 648 2004 adeo
681 1930 802 2003 simili
833 1928 952 2003 modo
986 1931 1159 2003 alterum
1189 1928 1353 2003 firmum
1379 1951 1508 2025 neque
1536 1938 1668 2003 tamen
1699 1937 1782 2003 tam
1812 1930 1942 2003 latum
1975 1929 2113 2001 annuli
2140 1953 2281 2009 arcum

439 2069 746 2157 componerent3
791 2056 1116 2154 quandoquidem
1150 2063 1325 2130 cetemm
1357 2064 1581 2153 praesentes
1610 2055 1773 2131 Saturni
1796 2053 2002 2146 satellites,
2039 2056 2111 2151 qui
2130 2060 2280 2154 partim

437 2185 611 2260 minores
645 2193 761 2274 sunt,
786 2204 906 2278 quam
941 2183 1087 2255 variae.
1103 2182 1211 2255 inter
1245 2204 1287 2254 se
1316 2181 1488 2256 insertae
1517 2182 1657 2258 annuli
1680 2203 1849 2271 massae,
1875 2190 2049 2256 remotos
2068 2206 2158 2256 suos
2179 2186 2280 2261 situs

438 2313 693 2407 orbitasque,
720 2317 765 2381 ut
789 2331 863 2405 per
882 2331 923 2380 se
939 2318 1069 2405 patet,
1095 2316 1263 2406 propter
1280 2309 1413 2382 varias
1431 2332 1595 2385 sitarum
1616 2309 1927 2407 centripetarum
1946 2308 2280 2407 centrilugarum.

436 2462 517 2537 que
532 2437 681 2513 virium
703 2434 936 2522 relationes,
960 2434 1211 2532 accepissent.

1316 2628 1424 2731 ss.

481 2828 684 2930 opinatur
707 2851 754 2903 m
784 2824 914 2903 Parca
939 2824 992 2926 (l)
1016 2824 1207 2919 annulos,
1236 2836 1349 2902 utet
1376 2829 1562 2905 satellites
1592 2828 1784 2903 formatos
1810 2851 1893 2905 esse
1913 2852 2105 2932 raporum
2140 2833 2274 2923 zonis,

431 2981 534 3055 quos
567 2978 760 3055 vaporum
796 2955 979 3052 planetae
1007 2954 1118 3028 orbis
1150 2955 1327 3052 singulos
1352 2956 1535 3056 deinceps
1558 2954 1789 3052 reliquerit,
1814 2958 1949 3055 quoad
1974 2960 2037 3034 illi
2071 2959 2180 3033 lenta
2208 2980 2276 3033 res

429 3084 693 3183 frigeratione
716 3080 1073 3191 ,condensarentun
1121 3083 1189 3155 lta
1222 3092 1298 3173 ut,
1323 3083 1485 3179 quando
1516 3105 1651 3159 omnes
1683 3083 1882 3181 ejusmodi
1911 3110 2106 3185 vaporum
2133 3084 2275 3160 annuli

429 3210 642 3287 moloculas
667 3210 908 3285 condensare
939 3216 1171 3307 pergerent,
1208 3231 1279 3284 nee
1315 3219 1446 3285 tamen
1477 3210 1585 3286 inter
1611 3230 1652 3282 se
1687 3211 1936 3309 conjunctas,
1972 3223 2062 3310 post
2087 3213 2276 3309 longum,

429 3354 584 3437 tempus
606 3337 808 3436 liquidum
827 3337 890 3411 rel
913 3335 1085 3410 solidum
1106 3334 1297 3410 annulum
1327 3335 1570 3425 formarent,
1595 3360 1748 3412 necesse
1772 3350 1886 3415 esset.
1935 3338 2189 3438 Regularitas
2207 3362 2271 3414 re·

428 3490 503 3559 ro,
530 3488 652 3564 quam
671 3466 763 3539 talis
795 3461 983 3538 lomatio
1014 3462 1057 3536 in
1087 3463 1272 3537 omnihus
1291 3462 1430 3540 annali
1454 3432 1639 3561 partibus
1658 3464 1780 3561 inque
1808 3488 1944 3541 earum
1965 3467 2271 3566 refrigeratione

427 3593 624 3694 postulat,
648 3614 769 3665 causa
791 3597 872 3679 est,
904 3586 1015 3684 quod
1037 3587 1142 3662 illud
1162 3588 1459 3688 phaenomenon
1485 3590 1652 3664 maxime
1684 3614 1825 3665 rarum
1848 3594 1923 3682 sit,
1958 3591 2017 3667 ita
2036 3604 2085 3668 ut
2104 3592 2268 3668 Saturni

426 3717 566 3795 annuli
584 3716 744 3790 unicum
767 3714 878 3789 illius
899 3716 959 3788 rei
986 3714 1029 3787 in
1048 3725 1186 3790 nostro
1208 3724 1418 3814 systemate
1442 3714 1564 3790 solari
1580 3716 1800 3814 exemplum
1818 3719 2054 3816 praebeant,
2079 3720 2270 3819 quoniam

425 3867 559 3923 omnes
588 3843 736 3941 reliqui
766 3839 1006 3916 annulorum
1035 3862 1203 3943 sapores
1232 3841 1276 3918 in
1304 3843 1435 3918 frusta
1457 3842 1538 3917 sint
1561 3844 1690 3920 fracta
1708 3852 1750 3918 et
1773 3866 1814 3920 se
1844 3845 1890 3920 in
1907 3847 2044 3922 massis
2072 3847 2268 3947 separatis

419 3971 665 4071 collegerint.

1298 4166 1332 4269 ξ.
1371 4171 1411 4247 o.

470 4364 600 4466 Quam
620 4362 819 4456 ingeniose
851 4374 985 4439 autem
1017 4365 1160 4441 harum
1191 4367 1425 4464 opinionum
1451 4363 1665 4443 nonnullae
1696 4363 1939 4459 excogitatae
1967 4366 2071 4458 sint,
2106 4386 2263 4467 semper

421 4505 553 4569 tamen
573 4510 704 4563 merae
733 4500 892 4563 manent
911 4494 1182 4593 conjecturae,
1207 4516 1310 4591 quae
1339 4493 1392 4568 ad
1408 4494 1614 4568 veritatem
1643 4513 1715 4565 nos
1745 4490 1871 4566 nihilo
1896 4492 2064 4592 propius
2086 4491 2261 4580 ducant3

420 4623 479 4697 ita
498 4628 545 4694 ut
564 4618 690 4693 coacti
712 4618 833 4690 simus
857 4639 945 4691 cum
973 4641 1022 4695 aa
1038 4617 1214 4714 Lauare,
1240 4630 1450 4721 postquam
1469 4618 1648 4695 breviter
1665 4619 1899 4715 hypotheses
1919 4618 2113 4705 Csssrsrr,
2147 4618 2262 4693 Mau-

419 4768 645 4839 raarursrr,
679 4744 883 4819 Miramur
916 4741 1170 4844 Barromque
1201 4757 1470 4836 recensuerat,
1507 4743 1662 4820 dicere:
1701 4776 1715 4815 t
1736 4743 1882 4819 Toutes
1908 4768 1971 4822 ees
2000 4744 2263 4845 explicatioris

421 4883 543 4950 »sont
561 4876 595 4949 si
610 4896 688 4973 peu
708 4870 967 4946 satisfaisante
987 4871 1087 4968 qu’il
1099 4883 1159 4947 est
1178 4874 1320 4952 inutile
1336 4873 1386 4949 de
1408 4896 1509 4949 nous
1531 4896 1556 4972 y
1580 4873 1747 4946 arreter.
1761 4870 1785 4903 ’⁹

414 5070 683 5095 μ

461 5196 511 5288 (1)
537 5194 753 5285 repetition
775 5191 823 5259 du
841 5191 996 5283 Systtme
1016 5195 1063 5263 du
1081 5194 1236 5281 Mende,
1259 5196 1309 5269 4⁰.
1325 5195 1378 5266 ed.
1406 5221 1480 5291 pag.
1504 5202 1581 5268 435.
