5032 6170
1202 518 1514 597 -174-

1297 761 1330 862 a
1368 765 1431 841 ac.

503 965 674 1043 Ultimae
695 966 831 1043 annuli
846 959 1116 1064 disparitiouis
1139 961 1340 1037 occasione
1368 962 1505 1038 annuli
1532 960 1831 1037 crassitudinem
1850 957 2046 1036 «lonenses
2066 957 2270 1036 fluescun-

453 1115 542 1167 mus
562 1103 723 1168 conatus
740 1102 799 1165 est
819 1088 1007 1174 delinire,
1030 1095 1195 1183 eratque
1214 1085 1275 1159 illi
1296 1095 1457 1160 eventus
1488 1086 1622 1177 θ’,023
1651 1083 1732 1158 sire
1753 1086 1865 1174 2185
1886 1084 2075 1159 milliaria
2105 1109 2268 1185 geogra-

452 1219 592 1317 phica;
616 1217 721 1293 unde
750 1214 822 1305 fit,
847 1222 894 1286 ut
924 1214 1132 1288 amborum
1162 1207 1402 1287 anntuorum
1430 1211 1612 1287 volumen
1645 1210 1910 1288 13004138767
1940 1210 2078 1296 cubica
2104 1236 2267 1312 geogra-

452 1345 570 1442 phica
600 1339 786 1417 milliaria
805 1338 1013 1414 contineat.

500 1467 557 1540 Ex
577 1460 682 1538 hisc'e
701 1486 725 1536 a
745 1484 785 1535 se
798 1462 963 1537 invicem
992 1460 1229 1536 distantibus
1255 1463 1459 1538 eventibus
1493 1462 1627 1538 videre
1655 1468 1737 1550 est,
1759 1484 1879 1560 quam
1908 1458 2066 1537 difficile
2085 1460 2158 1550 sit,
2182 1470 2265 1535 tam

452 1590 634 1664 subtilem
655 1589 814 1665 omnino
832 1586 1144 1663 observationem
1162 1584 1378 1662 instituere.

1043 1855 1095 1908 DE
1120 1852 1233 1908 Putat
1261 1854 1395 1911 aarum
1420 1854 1664 1932 utatcmoat.

1284 2028 1315 2126 a.
1365 2033 1425 2108 21.

495 2225 694 2304 Hactenus
721 2227 967 2327 putabatur,
1005 2227 1196 2301 annulum
1233 2225 1474 2326 paralleliter
1507 2246 1672 2300 currere
1701 2243 1790 2296 cum
1827 2218 2006 2317 planetae
2041 2240 2261 2323 aequatore.

446 2346 645 2443 Opinatur
661 2361 792 2425 autem
818 2350 1003 2423 Senum
1012 2350 1258 2443 Damoetae,
1282 2373 1410 2425 mense
1418 2351 1624 2426 Decembri
1640 2370 1743 2423 anno
1766 2345 1861 2420 1832
1880 2364 1921 2415 se
1941 2343 2164 2423 observasse
2182 2353 2261 2451 (1),

446 2471 548 2545 illud
564 2496 643 2548 non
662 2498 743 2549 esse
764 2497 921 2564 rem,
945 2473 1013 2546 sed
1041 2475 1178 2549 annuli
1211 2476 1371 2574 planum
1399 2499 1424 2548 a
1442 2485 1557 2573 parte
1587 2473 1819 2549 occidentali
1838 2471 1890 2544 ed
1910 2471 2202 2549 meridionalem
2221 2489 2260 2550 et

446 2618 469 2666 a
496 2606 610 2692 parte
633 2598 817 2674 orientali
844 2597 896 2671 ed
928 2600 1244 2695 septemtrionem
1274 2605 1328 2675 ab
1347 2625 1398 2677 ec
1425 2599 1647 2691 discedere,
1671 2598 1781 2697 quod
1806 2596 1988 2686 ridebat,
2020 2601 2178 2693 quando
2202 2604 2259 2675 ita

447 2720 603 2811 oculum
634 2722 853 2823 dirigebat,
886 2732 933 2797 ut
960 2723 1215 2800 intersecaret
1244 2725 1439 2822 planetam
1465 2723 1634 2798 mutuus
1704 2721 1822 2821 Quod
1856 2726 1974 2798 etiam
2007 2727 2259 2800 conveniebat

445 2867 534 2916 cum
559 2846 645 2942 ejus
679 2870 873 2921 annorum
896 2847 1015 2936 1828,
1043 2850 1138 2923 1829
1164 2853 1325 2926 et1830
1356 2848 1712 2940 observationibus,
1744 2849 1889 2945 quibus
1916 2845 2030 2922 valde
2054 2851 2258 2946 perspicue

441 2968 700 3059 cernebatur,
726 2970 863 3044 annuli
882 2970 1064 3045 umbram
1098 2994 1292 3070 zonasque
1318 2974 1490 3048 cinereae
1517 2971 1695 3068 planetae
1726 2972 1778 3045 ad
1799 2979 1953 3070 partem
1981 2971 2257 3059 occidentalem

442 3114 678 3188 convergere
693 3102 733 3167 et
750 3094 803 3169 ad
818 3104 971 3194 partem
994 3098 1224 3171 orientalem
1237 3099 1465 3196 divergere3
1490 3095 1592 3169 illud
1610 3105 1739 3169 tamen
1756 3096 2049 3194 phaenomenon
2069 3120 2149 3172 non
2164 3123 2258 3173 sem-

304 3256 309 3263 ·
441 3239 515 3312 per
537 3218 612 3291 sibi
633 3230 830 3311 constare,
855 3221 923 3294 sed
943 3219 1061 3295 modo
1085 3223 1231 3320 magis,
1256 3221 1374 3297 modo
1394 3222 1525 3294 minus
1546 3221 1752 3319 perspicue
1766 3217 1970 3296 observari
1998 3241 2127 3314 posse;
2148 3225 2256 3317 quod

441 3352 570 3416 tamen
591 3343 634 3418 in
653 3345 862 3443 periodum
882 3369 961 3421 non
987 3345 1169 3420 conterre
1188 3353 1356 3443 poterat.
1406 3345 1516 3446 Quae
1537 3344 1802 3442 phaenomena
1821 3346 1898 3444 ipsi
1918 3348 2047 3422 adbuc
2066 3349 2255 3443 posterio-

440 3468 552 3538 ribus
585 3467 923 3543 observatiouibus
946 3468 1302 3556 confirmabantur,
1327 3479 1433 3544 utet
1458 3467 1703 3545 mutabilitas
1726 3469 1768 3542 in
1792 3492 1977 3546 ansarum
2007 3470 2255 3567 longitudine

437 3601 477 3663 et
498 3591 539 3664 in
560 3594 859 3671 excentricltate.

1282 3788 1316 3888 §-
1353 3794 1412 3869 22.

483 3981 752 4057 Memorabilis
781 3994 841 4058 est
870 3981 1030 4061 vni-m
1061 3984 1258 4061 Nemeae
1285 3974 1508 4063 observatio
1537 3985 1618 4060 diei
1646 3986 1696 4061 23
1719 3982 1867 4082 Aprilis
1891 3983 1988 4059 1833
2013 3982 2091 4081 (2),
2114 3993 2250 4067 annuli

434 4130 571 4204 nempe
593 4106 795 4204 planitiem
816 4108 977 4184 Saturni
1000 4109 1151 4186 discum
1176 4133 1256 4186 non
1276 4113 1450 4190 medium
1468 4111 1670 4202 dividere,
1696 4110 1763 4186 sed
1782 4108 1976 4185 borealem
2011 4108 2250 4210 hemisphae-

436 4256 521 4306 ram
543 4233 721 4329 planetae
739 4257 878 4309 revera
893 4236 1083 4334 majorem
1102 4238 1269 4312 australi
1292 4240 1430 4315 videri.
1479 4238 1667 4313 &utrum
1676 4234 1885 4334 gravitatis
1899 4236 2079 4332 corporis
2089 4237 2251 4316 Saturni

434 4367 644 4456 propterea
663 4381 743 4431 non
762 4361 1001 4437 coincidenet
1016 4383 1107 4438 cum
1128 4386 1223 4438 suae
1240 4364 1392 4464 thrae
1404 4374 1563 4456 centro,
1588 4364 1803 4460 ambaeque
1817 4360 2110 4460 hemisphaerac
2129 4370 2248 4442 maxi-

434 4507 496 4558 me
514 4483 730 4581 inaequelis
752 4498 876 4561 essent
899 4486 1114 4566 donemus.

1266 4694 1300 4794 a.
1349 4695 1411 4770 aa.
1492 4686 1496 4691 ·

478 4896 697 4971 &seirent
722 4894 774 4995 (3)
793 4897 983 4972 sententia
1002 4898 1098 4974 haec
1119 4908 1201 4990 est,
1224 4921 1265 4974 sc
1290 4898 1397 5019 omui
1425 4897 1663 4975 certitudine
1684 4919 1829 4998 ponere
1851 4921 1980 4998 posse,
2006 4896 2142 4973 annuli
2163 4896 2249 4997 pla·

474 5140 522 5226 (1)
547 5140 688 5208 Astron.
711 5139 841 5209 Ncehr.
861 5141 920 5211 N'.
940 5145 1018 5211 239.

475 5250 523 5337 (2)
548 5251 691 5319 Astron.
709 5247 840 5318 Nachr.
867 5250 905 5319 B.
925 5251 983 5321 Xl.
1013 5248 1072 5319 ΝΟ.
1095 5254 1172 5322 243.
1200 5274 1273 5346 pag.
1294 5256 1347 5323 41.

473 5362 521 5450 (3)
544 5360 721 5452 Kronogr.
741 5358 906 5451 Fragm„
932 5359 994 5437 Tb.
1013 5361 1040 5430 I.
1072 5385 1144 5454 pag.
1166 5365 1241 5434 194.
