4970 6164
1241 510 1551 589 ..m-

484 711 575 800 nia,
600 724 701 807 quae
732 716 917 806 tauquam
954 705 1158 780 materiam
1186 706 1475 804 cognoscimus,
1497 704 1709 804 fragilitati
1736 707 1816 783 siut
1835 707 2020 798 obnoxia,
2044 715 2086 782 et
2111 726 2163 783 ne
2183 729 2306 809 rupes

483 836 642 933 quidem
665 833 941 908 destructionis
970 831 1049 907 sint
1063 833 1272 918 immunes,
1296 840 1489 925 attamen,
1514 841 1706 928 quatenus
1714 833 1874 908 Saturni
1886 833 2054 909 annulus
2065 833 2174 909 haud
2189 837 2304 912 unice

484 960 741 1037 immutabilis
756 968 876 1050 esset,
901 968 941 1035 et
961 961 1012 1033 ab
1030 961 1137 1034 omni
1164 959 1282 1033 ruina
1298 968 1493 1051 remotus,
1516 959 1626 1057 quod
1647 983 1739 1036 vero
1760 980 1956 1036 assumere
1977 981 2057 1035 non
2077 982 2301 1059 possum,

485 1089 570 1186 ejus
592 1097 724 1186 partes
743 1086 923 1183 deinceps
951 1085 995 1160 in
1023 1085 1236 1160 Saturnum
1270 1085 1508 1162 deciderent.
1567 1087 1735 1188 Quando
1763 1095 1903 1163 οοιιιιιι
1932 1087 2135 1185 ponimus,
2168 1112 2303 1163 unam·

485 1234 682 1311 quamque
703 1211 839 1285 annuli
856 1221 1007 1309 partem
1023 1213 1063 1286 ri
1082 1212 1303 1310 centmfuga
1320 1212 1531 1287 animatam
1541 1234 1645 1305 esse,
1667 1224 1715 1289 ut
1731 1237 1768 1289 r.
1788 1236 1823 1291 c.
1844 1215 2115 1306 nostrumne,
2139 1237 2189 1290 ne
2209 1238 2305 1291 non-

485 1339 736 1415 adhaerentia
750 1338 909 1434 quidem
938 1340 981 1414 in
1002 1338 1147 1439 annulo
1170 1360 1339 1435 corpora
1362 1340 1405 1413 in
1430 1339 1645 1414 Saturnum
1665 1340 1868 1433 decidant,
1892 1340 1961 1415 sed
1980 1364 2071 1415 suas
2089 1341 2303 1421 rectiones
2405 1402 2407 1406 -

490 1488 611 1565 aeque
638 1491 685 1540 ac
718 1465 814 1540 luna
844 1465 1059 1563 perficient.
1108 1463 1276 1538 Theoria
1308 1488 1488 1563 quoque,
1514 1476 1560 1541 ut
1582 1468 1668 1565 jam
1699 1467 1958 1558 ostendimus,
1981 1467 2117 1559 docet,
2139 1467 2301 1566 planum

485 1594 671 1690 aliquod,
696 1615 770 1691 per
800 1592 1008 1667 rotationis
1025 1614 1135 1666 axem
1155 1592 1197 1665 in
1213 1589 1478 1688 annuiiplano
1494 1592 1876 1691 perpendiculariter
1889 1604 2085 1684 erectum,
2113 1592 2301 1667 annulum

484 1720 696 1793 secundum
715 1719 870 1818 ellipsin
891 1741 1021 1794 secare
1037 1718 1202 1810 debere,
1227 1717 1340 1815 cujus
1364 1718 1621 1817 prolongutus
1650 1720 1781 1826 major
1802 1721 1885 1794 axis
1912 1742 1985 1818 per
2013 1720 2190 1818 planetae
2216 1742 2302 1794 wn-

483 1854 591 1919 trum
612 1848 775 1936 transit,
800 1855 918 1944 atque
941 1845 1040 1920 adeo
1062 1846 1271 1920 rotationis
1288 1846 1424 1920 annuli
1444 1844 1693 1920 durationem
1703 1846 1787 1921 fere
1800 1845 1965 1920 eandem
1980 1850 2158 1920 futuram
2182 1856 2301 1944 atque

484 1970 661 2046 satellitis
680 1973 985 2063 revolutionem,
1012 1970 1082 2069 qui
1110 1972 1152 2046 in
1184 1973 1311 2047 centri
1332 1971 1522 2046 distantia
1541 1972 1719 2069 ellipsecs
1735 1972 1843 2048 cirm
1861 1972 2078 2047 Saturnum
2097 1984 2299 2059 moretum

481 2099 590 2194 quod
620 2120 715 2196 ergo
738 2101 856 2174 etiam
887 2099 1132 2173 Hunscumn
1160 2099 1448 2173 observationes
1470 2098 1768 2174 confirmarunt.
1817 2098 1933 2174 Dicta
1956 2098 2103 2196 ellipsis
2122 2099 2231 2196 quod
2247 2099 2299 2172 ad

481 2225 610 2297 varias
626 2225 763 2299 annuli
783 2235 916 2325 partes
935 2222 1135 2298 mutabilis
1159 2244 1239 2295 esse
1266 2234 1395 2321 potest
1415 2235 1535 2323 atque
1564 2225 1623 2298 ita
1647 2224 1815 2299 annulus
1846 2227 1929 2324 ipse
1952 2225 2169 2321 inaequalis
2197 2248 2300 2299 cras·

483 2352 609 2437 sitiei;
634 2351 736 2425 sicut
764 2361 859 2425 tunc
884 2347 1026 2439 etiam,
1051 2357 1097 2423 ut
1127 2350 1316 2440 vidimus,
1341 2352 1647 2443 obseruationes,
1673 2374 1774 2449 quae
1805 2352 2107 2449 dispositionum
2137 2373 2300 2449 reappa-

480 2476 747 2572 ritionumque
779 2477 914 2550 annuli
944 2486 1119 2574 tempore
1136 2475 1263 2549 factae
1285 2487 1401 2568 sunt,
1424 2476 1513 2551 illas
1545 2479 1843 2574 inaequalitates
1875 2478 2081 2575 perspicue
2111 2476 2298 2552 videntur

479 2601 702 2690 ostendere,
728 2623 829 2697 quae
857 2600 963 2699 ipsae
998 2601 1327 2698 quemadmodum
1359 2603 1479 2677 etiam
1508 2603 1663 2679 theoria
1693 2603 1831 2696 dccet,
1856 2603 2092 2677 necessariae
2114 2612 2225 2693 sunt,
2250 2612 2296 2677 ut

479 2729 618 2805 annuli
644 2727 924 2824 aequilibrium
951 2727 1229 2803 confirmetur:
1253 2729 1287 2802 si
1317 2729 1421 2804 enim
1450 2731 1493 2805 in
1524 2729 1704 2804 omnibus
1728 2730 1813 2827 ejus
1841 2730 2023 2829 partibus
2056 2731 2299 2827 symmetrice

478 2864 576 2930 esset
594 2855 805 2946 formatus,
831 2854 993 2929 minima
1028 2856 1190 2952 quidem
1212 2857 1272 2930 vis
1306 2865 1485 2946 externa,
1508 2865 1555 2930 ut
1574 2879 1611 2932 v.
1627 2879 1661 2934 c.
1692 2855 1842 2930 satelles
1873 2854 2038 2952 aliquis,
2063 2858 2156 2931 satis
2172 2866 2297 2949 esset,

477 2994 523 3055 ut
544 3004 633 3055 eum
653 2981 702 3054 de
723 2982 811 3055 loco
828 2982 1017 3079 eriperet3
1042 2984 1157 3080 eujus
1174 2992 1272 3055 esset
1290 2983 1469 3080 sequela,
1494 2983 1598 3057 utin
1617 2981 1811 3081 planetam
1832 2981 2173 3080 praecipitaretur.

526 3110 655 3206 litque
676 3108 733 3181 ita
748 3131 946 3207 quamque
964 3107 1100 3181 annuli
1123 3107 1357 3207 particulam
1377 3110 1470 3183 licet
1493 3120 1682 3205 tanquam
1700 3132 1867 3205 parrum
1900 3109 2104 3184 satellitem
2134 3109 2295 3185 Saturni

477 3236 745 3326 considerare,
769 3237 976 3334 ipsumque
996 3235 1209 3325 annulum,
1235 3237 1336 3310 sicut
1368 3235 1517 3311 Cissmr
1546 3236 1660 3324 iecit,
1684 3243 1731 3307 ιιι
1757 3235 2024 3312 collectionem
2052 3237 2115 3311 vel
2138 3236 2295 3311 circuli·

480 3364 646 3437 formem
661 3361 800 3435 seriem
820 3360 1033 3435 satellitum
1054 3361 1130 3436 sibi
1150 3361 1384 3458 junctorum
1413 3360 1631 3459 inaequalis
1660 3363 1944 3460 magnitudinis
1965 3363 2026 3437 rel
2045 3372 2093 3437 ut
2108 3364 2294 3437 lunarum

477 3510 685 3578 coronam,
722 3508 823 3584 quae
852 3509 924 3585 per
961 3485 1054 3559 solis
1083 3486 1299 3577 actionem,
1335 3490 1729 3586 perturbationesque
1765 3498 1909 3586 septem
1949 3488 2157 3580 lunarum,
2192 3511 2294 3586 quae

478 3614 689 3687 Saturnum
711 3613 896 3711 cingunt,
920 3610 1226 3686 oscillationibus
1243 3613 1323 3688 sire
1347 3614 1480 3710 parvis
1498 3617 1578 3689 sive
1602 3614 1753 3712 magnis
1775 3614 1947 3710 subjecta
1967 3616 2038 3706 sit,
2063 3616 2133 3689 sed
2151 3616 2291 3692 itidem

475 3738 657 3813 universe
686 3759 841 3836 semper
869 3738 1042 3811 medium
1067 3738 1176 3836 plani
1202 3740 1263 3812 sui
1296 3737 1416 3813 situm
1444 3752 1583 3815 servet.
1632 3740 1788 3814 Necesse
1812 3740 1970 3837 quidem
2003 3751 2085 3833 est,
2118 3752 2164 3816 ut
2194 3743 2291 3819 haee

475 3888 645 3964 corpora
659 3864 767 3939 uelut
788 3866 863 3939 sibi
883 3866 1024 3964 juncta
1049 3863 1361 3953 consideremus;
1387 3866 1417 3939 si
1439 3868 1542 3940 enim
1561 3865 1655 3940 haee
1672 3886 1841 3963 corpora
1862 3890 1988 3965 parva
2010 3867 2139 3943 libera
2162 3879 2289 3943 essent

473 4005 514 4069 et
532 4018 557 4067 a
579 4016 618 4066 se
649 3991 816 4066 invicem
840 4015 919 4067 non
940 3990 1132 4088 subjecta,
1156 4013 1295 4065 eorum
1316 3992 1534 4067 celeritates
1551 4014 1626 4090 prc
1646 3993 1768 4066 variis
1788 3991 1983 4066 distantiis
2001 3992 2109 4089 quod
2133 3993 2184 4066 cd
2207 3994 2291 4091 pia·

475 4130 587 4195 netae
628 4129 807 4192 centrum
843 4127 1118 4205 mutarentur3
1152 4127 1288 4192 centro
1330 4115 1491 4192 Saturni
1525 4115 1702 4215 proxime
1742 4117 1841 4207 sita,
1879 4118 2092 4192 secundum
2129 4119 2289 4193 tertiam

473 4244 651 4320 Kartum
681 4245 828 4341 legem,
858 4240 997 4335 eitius,
1023 4243 1148 4341 magis
1164 4266 1259 4317 vero
1278 4254 1431 4318 remota
1459 4242 1614 4320 tardius
1638 4265 1678 4316 se
1700 4252 1920 4331 morerent3
1952 4252 2071 4340 atque
2095 4246 2128 4320 si
2154 4244 2289 4321 celeri·

475 4383 596 4447 tatem
614 4392 895 4443 assumeremus
915 4393 1021 4462 eam,
1047 4391 1148 4467 quae
1174 4370 1354 4444 convenit
1374 4393 1462 4445 cum
1482 4370 1611 4444 medio
1633 4370 1769 4443 auntali
1789 4371 1978 4460 euentu,
2006 4371 2175 4446 aliarum
2197 4397 2288 4471 par·

472 4500 573 4574 tium
597 4496 814 4572 celeritates
829 4517 876 4567 ea
903 4496 996 4570 inde
1015 4496 1197 4571 recedere
1220 4497 1414 4587 iacerent,
1440 4496 1537 4570 sitve
1560 4496 1602 4570 in
1626 4495 1716 4594 plus
1749 4497 1847 4570 sitve
1872 4495 1916 4569 in
1933 4497 2074 4572 miuus.
2120 4498 2162 4573 Si
2193 4524 2284 4576 vero

470 4629 545 4702 hae
564 4633 695 4723 partes
712 4623 817 4696 inter
838 4644 878 4694 se
896 4623 1124 4720 junguntur
1147 4623 1440 4719 adbaerentquc
1456 4622 1508 4695 ad
1527 4642 1671 4719 corpus
1696 4619 1864 4695 solidum
1882 4620 2155 4715 formandum,
2180 4648 2284 4700 come

475 4752 650 4852 pensatio
678 4752 783 4824 inter
807 4770 942 4824 earum
972 4760 1100 4823 motus
1125 4750 1256 4824 locum
1296 4749 1480 4836 haberet,
1513 4748 1678 4822 mamma
1712 4745 1856 4821 coleres
1885 4726 2097 4823 celeritatis
2130 4760 2284 4847 partem

472 4903 562 4955 cum
590 4875 824 4951 tardissimis
860 4877 1219 4962 communicabunt,
1253 4874 1403 4972 haeque
1428 4897 1569 4948 rursus
1590 4896 1680 4947 cum
1698 4870 1779 4946 iilis
1802 4872 2003 4948 tarditatis
2024 4885 2200 4973 partem3
2226 4877 2284 4951 ita

469 5006 513 5081 bi
543 5003 712 5102 oppositi
737 5012 898 5077 conatus
929 5002 1034 5076 inter
1059 5025 1099 5076 se
1132 5000 1411 5098 aequilibrium
1439 4998 1625 5090 efficient,
1661 5019 1741 5095 quo
1768 4998 1836 5073 fiet
1871 5009 1918 5073 ut
1952 5010 2105 5077 tantum
2133 5000 2283 5077 mediiis

468 5138 622 5209 maneat
648 5138 807 5222 molus,
842 5129 913 5226 qui
947 5129 1128 5205 omnibus
1164 5137 1222 5201 est
1251 5129 1432 5228 partibus
1458 5125 1679 5203 eommunis
1696 5134 1821 5223 atquc
1844 5124 1917 5203 ille
1932 5126 2100 5207 medim-
2113 5128 2281 5227 circum·
