4970 6164
1197 524 1514 607 ...m-

441 738 622 825 tanquam
649 724 715 803 die
742 724 890 825 Aprilis
909 722 979 816 27,
1004 724 1163 822 quando
1187 723 1230 799 in
1252 745 1347 798 ensa
1367 720 1575 810 orientali,
1599 743 1701 820 quae
1719 720 1848 798 miuus
1866 723 1992 798 lueetn
2021 718 2258 797 weidentall

440 851 677 950 praebebat,
701 874 980 951 nonnunquam
999 852 1176 929 lucidum
1196 861 1387 950 punctum
1407 873 1436 925 o
1452 849 1691 948 opinabatur
1714 871 1754 923 se
1775 847 1921 922 ridere.

491 977 561 1051 llio
584 979 608 1053 8
628 988 748 1077 atque
777 982 825 1056 13
844 979 966 1055 Junii·
978 999 1259 1077 nonnunquam
1274 974 1447 1079 putabet
1465 997 1507 1051 se
1526 974 1641 1051 valde
1666 975 1809 1051 subtile
1833 972 1996 1049 luminis
2012 981 2201 1070 punctum
2216 974 2259 1049 in

442 1104 629 1179 orientali
647 1106 785 1182 ridere
806 1128 910 1179 ansa

489 1227 637 1302 Diebus
656 1231 722 1316 14,
750 1232 796 1304 15
820 1238 860 1302 et
890 1228 937 1304 18
961 1228 1075 1304 Junii
1105 1248 1239 1302 ansam
1273 1227 1552 1304 occidentalem
1574 1227 1678 1302 vidit
1701 1223 1950 1324 aliquantum
1972 1222 2122 1298 clarius
2139 1232 2259 1321 utque

442 1372 483 1426 se
503 1351 698 1450 usquead
720 1349 916 1448 planetam
938 1354 1226 1441 extendentem,
1250 1374 1373 1447 quum
1397 1350 1600 1425 orientalis
1628 1349 1784 1423 demum
1819 1348 1985 1423 risibilia
2015 1370 2096 1422 oeae
2120 1348 2258 1448 aliqua

440 1478 620 1579 planetae
634 1477 841 1570 distantia,
868 1479 1166 1576 ostenderetque
1188 1496 1229 1549 se
1248 1476 1358 1550 loeus
1371 1476 1503 1550 dorus
1519 1500 1549 1549 o
1570 1474 1804 1549 lnoldiorem
1822 1475 1917 1549 ansb
1943 1473 2139 1550 orientali.

490 1603 636 1676 Diebus
654 1604 705 1678 21
721 1610 761 1674 et
779 1601 960 1679 251111111
990 1601 1241 1679 occidentalis
1259 1623 1354 1674 ansa
1381 1600 1579 1700 permulto
1601 1600 1762 1673 brevior
1792 1607 1901 1687 erat,
1926 1597 2107 1673 univorsa
2123 1599 2254 1693 clara,

439 1727 509 1802 sed
527 1725 729 1800 obtusiore
750 1727 885 1823 aliquo
904 1729 1052 1802 lumine
1074 1748 1191 1823 quam
1213 1724 1435 1818 orientalis,
1460 1749 1561 1824 quae
1582 1725 1740 1820 longior
1763 1731 1871 1811 eret,
1894 1722 2097 1820 magisque
2117 1725 2257 1799 obtusa

438 1872 574 1924 versus
594 1849 814 1947 planetam,
839 1850 907 1924 eed
924 1851 1108 1925 adfinem
1128 1849 1358 1926 orientalem
1376 1851 1545 1938 clarior3
1571 1850 1636 1923 die
1652 1850 1701 1925 25
1719 1846 1875 1923 lucidus
1894 1846 2003 1922 loeus
2020 1871 2049 1923 o
2068 1848 2110 1925 111
2126 1850 2255 1925 orien-

440 1972 515 2049 tali
538 1996 633 2050 anea
651 1971 728 2069 ipsi
749 1971 958 2048 videbatur
977 1996 1023 2048 ax
1045 1975 1201 2048 duobus
1217 1983 1398 2051 mantare
1415 1975 1541 2050 nodis.

486 2095 559 2169 Die
583 2095 685 2170 tulii
717 2098 764 2173 16
789 2099 925 2173 eadem
953 2099 1111 2173 ridebat
1143 2097 1433 2195 phaenomena,
1469 2108 1745 2199 praeterquam
1780 2095 1889 2192 quod
1910 2095 2067 2171 lucidus
2095 2097 2206 2172 locus
2222 2122 2253 2172 o

436 2220 594 2317 longius
628 2221 833 2297 rideretur
862 2234 1060 2314 extensus,
1084 2244 1208 2321 quum
1241 2244 1336 2320 pars
1360 2245 1475 2299 ausae
1503 2223 1706 2300 orientalis
1731 2220 1784 2295 ad
1806 2222 2000 2319 planetam
2025 2223 2100 2298 sita
2122 2223 2256 2298 adhuc

438 2344 552 2419 valde
576 2347 705 2421 tenuis
725 2357 835 2423 esset.

484 2733 587 2811 Vana
610 2732 662 2835 (l)
688 2737 883 2816 Nmaauai
902 2760 1031 2814 mense
1061 2736 1209 2834 Aprilis
1247 2741 1340 2813 anni
1373 2740 1471 2814 1833
1508 2759 1635 2834 neque
1665 2736 1825 2810 luminis
1856 2745 2003 2836 puncta
2024 2760 2148 2835 neque
2167 2765 2254 2817 rnu-

436 2859 603 2932 tationes
622 2861 664 2932 iu
685 2865 788 2939 ansis
804 2866 994 2964 indagare
1019 2864 1169 2961 potuit,
1194 2884 1320 2958 neque
1342 2863 1434 2937 inde
1461 2862 1513 2935 ab
1532 2864 1557 2937 8
1576 2861 1628 2935 ad
1653 2861 1700 2937 14
1717 2863 1820 2936 diem
1842 2862 1958 2942 dunii
1980 2864 2062 2938 ulla
2090 2865 2253 2942 luminis

433 2994 581 3085 puncta
603 2987 716 3061 vidit.

485 3111 558 3184 Die
589 3109 703 3185 Junii
737 3113 806 3201 15,
840 3113 998 3211 quando
1038 3110 1184 3186 iterum
1216 3111 1253 3184 ei
1288 3109 1453 3187 visibilis
1489 3111 1577 3185 lieri
1613 3109 1782 3184 annulus
1811 3108 2041 3206 incipiebat,
2079 3112 2179 3186 hora
2208 3110 2253 3196 8}

439 3238 663 3336 vespertina
675 3238 762 3313 tubi
779 3261 853 3335 ope
871 3240 1088 3315 1151101111
1108 3238 1291 3335 pollicum
1307 3243 1348 3324 3}
1365 3240 1555 3337 apertura
1568 3246 1689 3332 etque
1708 3237 1757 3311 80
1778 3235 2097 3333 mnplilicatione,
2121 3242 2253 3315 varias

435 3363 698 3462 conspiciebat
708 3363 934 3461 perspicuas
951 3361 993 3433 in
1007 3362 1111 3434 ansis
1127 3366 1380 3451 mutationem
1406 3363 1601 3462 quippese
1620 3361 1852 3457 oblongam,
1876 3363 2115 3436 condensarc
2135 3373 2254 3461 atque

434 3489 572 3562 breves
599 3489 688 3563 fieri
717 3490 954 3564 videbantur
980 3496 1101 3582 alque
1139 3489 1259 3561 etiam
1289 3488 1436 3586 partim
1467 3486 1694 3585 partimque
1720 3508 1968 3578 evanescere3
2009 3488 2253 3585 putabatque

434 3636 733 3709 nonnunquam,
759 3638 799 3688 se
826 3613 919 3686 lieet
948 3613 1119 3687 tenuiter
1151 3619 1297 3712 puncta
1330 3609 1463 3683 lucida
1501 3606 1647 3681 ridere.
1705 3608 2016 3708 Amplilicatione
2050 3618 2122 3691 150
2152 3617 2253 3689 nihil

434 3738 577 3810 horum
609 3737 964 3836 phaenomenorum
985 3736 1209 3833 conspicere
1237 3745 1415 3833 poterat,
1449 3742 1591 3829 atque,
1627 3734 1736 3831 quod
1761 3735 1926 3808 manime
1953 3737 2251 3829 admirabatur,

434 3885 514 3935 una
537 3862 638 3937 hora
660 3872 771 3960 post,
796 3861 950 3935 nullum
973 3858 1134 3955 quidem
1152 3859 1322 3957 amplius
1352 3861 1484 3957 putuit
1505 3859 1642 3933 annuli
1663 3859 1868 3955 vestifflum
1892 3859 2038 3936 videre.
2086 3863 2254 3962 Sequen-

436 3989 471 4061 ti
494 4011 655 4087 vespera
676 3989 812 4063 eadem
839 3986 1140 4084 conspicabatur
1165 3984 1208 4057 in
1237 3986 1468 4082 crepusculo
1497 3986 1782 4083 phaenomena,
1807 4009 1930 4082 quum
1961 3999 2093 4063 autem
2115 4012 2253 4089 reaper

438 4115 607 4208 adesset,
631 4117 690 4190 nil
707 4117 867 4192 videbat
902 4112 1091 4209 amplius3
1117 4111 1225 4207 quod
1247 4113 1386 4187 itidem
1406 4112 1471 4185 die
1487 4114 1535 4191 17
1557 4112 1755 4203 obtinuit,
1780 4113 1837 4185 ita
1863 4121 1910 4186 ut
1939 4116 2079 4189 melius
2106 4116 2149 4191 in
2171 4141 2254 4192 ore·

433 4241 600 4339 pusoulo
624 4241 798 4332 videret,
822 4261 941 4336 quam
964 4246 1078 4313 nocte
1107 4235 1234 4333 plena.

485 4630 655 4705 Mttnnna
691 4627 743 4729 (2)
783 4629 998 4722 Auamma,
1034 4631 1171 4708 diebus
1198 4635 1248 4710 26
1270 4629 1501 4721 Februarii,
1527 4632 1592 4722 ll,
1618 4631 1683 4721 12,
1706 4631 1779 4724 21,
1805 4632 1854 4709 25
1886 4640 2007 4730 atque
2034 4636 2085 4714 26
2114 4634 2252 4712 Martii

438 4757 578 4831 mensis
607 4756 701 4831 anni
732 4756 851 4847 1833,
886 4764 934 4830 ut
967 4757 1060 4832 satis
1084 4759 1238 4859 largum
1261 4758 1405 4835 lineam
1432 4755 1621 4835 annulum
1653 4757 1831 4852 videbat,
1853 4767 1973 4859 atque
1999 4761 2051 4838 ab
2080 4770 2251 4864 utraque

441 4982 660 5004 m

485 5107 535 5189 (1)
559 5102 660 5172 datr.
680 5104 812 5173 Naehr.
839 5103 898 5176 ΝΟ.
915 5110 993 5176 243.
1020 5131 1093 5200 pag.
1114 5113 1166 5180 41.

462 5206 532 5301 ’(2)
556 5210 712 5301 Itidem,
739 5213 799 5286 ΝΟ.
818 5219 895 5286 217.
928 5241 1001 5309 pag.
1024 5220 1100 5292 118.
