4970 6164
953 517 1261 597 -191-0

182 712 313 811 ·ralda
333 712 465 789 daras
482 720 525 788 et
541 713 624 789 lbra
642 713 686 787 tn
704 710 927 789 latitudinis
948 710 1078 791 meato
1103 712 1277 789 solerem
1296 720 1452 811 mutare
1465 710 1679 809 mouerat,
1702 713 1856 787 sensim
1868 712 1915 789 fit
1932 710 2015 789 lau·

194 840 379 939 guidior‚
403 851 442 914 et
463 841 506 914 in
523 841 608 938 ipsa
627 840 817 914 interiore
838 836 1015 934 margine
1033 839 1116 911 fere
1131 818 1305 936 ejusdem
1321 849 1408 910 erat
1427 837 1592 927 eoloris,
1614 839 1743 934 qualis
1765 848 1825 913 eat
1838 841 2013 917 obseura

197 965 454 1065 quintuplieis
483 965 627 1040 duetus
654 966 833 1064 planetae
865 987 970 1063 pars.
1018 963 1117 1037 Eeoe
1151 963 1259 1036 illius
1288 965 1427 1036 rerba:
1467 961 1579 1035 »The
1607 971 1723 1036 outer
1759 965 1851 1063 ring
1875 966 1909 1040 is
1937 968 2012 1042 less

198 1123 214 1169 s
234 1093 369 1191 brigbt
389 1092 484 1166 than
506 1092 573 1165 the
593 1092 708 1165 inner
729 1091 834 1187 ring.
883 1089 964 1181 'l'he
984 1089 1099 1165 inner
1118 1089 1261 1186 ringis
1280 1112 1376 1188 very
1394 1087 1533 1184 bright
1560 1088 1664 1162 close
1684 1098 1726 1163 to
1745 1091 1812 1165 the
1831 1092 2011 1192 dlviding

198 1242 364 1319 »spaoe3
397 1217 500 1309 and,
531 1227 574 1292 at
604 1219 727 1292 about
757 1216 845 1290 half
867 1216 919 1289 its
952 1217 1116 1307 breath‚
1149 1216 1184 1291 it
1210 1215 1346 1313 begins
1369 1224 1412 1289 to
1433 1214 1583 1310 change
1613 1213 1775 1308 colour‚
1800 1217 2011 1318 gradually

197 1345 409 1442 »growing
425 1344 586 1428 fainter;
612 1342 691 1416 and
705 1342 794 1439 just
815 1363 925 1438 upon
937 1342 1030 1414 tha
1018 1363 1132 1416 mner
1150 1340 1270 1437 edge‚
1295 1338 1358 1412 it
1346 1360 1380 1412 rs
1402 1336 1544 1411 almost
1560 1335 1606 1409 of
1629 1337 1696 1411 the
1723 1339 1864 1416 eolour
1879 1346 1924 1418 of
1943 1345 2010 1419 the

180 1501 213 1567 Ιν
228 1470 330 1544 dark
347 1480 441 1571 part
460 1467 505 1541 of
519 1467 587 1540 the
601 1467 810 1565 quintuple
830 1466 953 1541 belt.”
1030 1514 1034 1522 ·

242 1592 351 1666 Idem
371 1613 529 1690 quoque
546 1594 596 1667 30
612 1591 677 1665 die
693 1590 923 1667 Novembris
942 1587 1036 1665 anni
1058 1588 1154 1664 1825
1172 1609 1197 1658 a
1213 1585 1350 1661 Kirna
1372 1584 1657 1659 observabatur
1681 1583 1747 1682 (1).

242 1714 397 1791 Cissuu
417 1712 470 1814 (2)
503 1711 621 1786 etiam
650 1715 799 1813 reperit
830 1719 1063 1790 exteriorem
1093 1710 1282 1785 annulum
1320 1710 1449 1785 minus
1480 1710 1730 1809 splendidum
1759 1711 1892 1788 lumen
1910 1715 2010 1790 inte·

190 1843 301 1916 riore
315 1842 472 1914 habere.

244 1966 515 2042 Gnorranmnn
533 1961 586 2063 (3)
623 1964 823 2039 exoellenti
844 1988 869 2037 a
890 1962 1197 2038 annruornno
1220 1960 1396 2035 confecto
1425 1960 1663 2054 rotrocum,
1699 1965 1770 2041 136
1799 1968 2010 2065 amplifica.

187 2092 317 2183 tione,
343 2091 574 2165 exteriorem
597 2091 867 2165 obscuriorem
889 2089 1036 2197 annulo
1061 2085 1245 2161 interiori
1267 2085 1437 2165 ridebat.

184 2308 187 2317 A
241 2217 494 2291 Manifestum
524 2226 606 2307 est,
640 2216 773 2313 inquit
811 2214 1009 2289 &novans
1038 2212 1113 2309 (1),
1149 2219 1298 2307 quanto
1331 2214 1524 2288 minorem
1558 2213 1805 2313 splendorem
1834 2222 2007 2297 exterior

185 2366 311 2441 qaam
355 2343 526 2418 interior
572 2341 741 2418 annulus
780 2341 935 2414 habeat.
992 2338 1162 2433 Videtur
1202 2357 1361 2433 quoque
1392 2340 1561 2414 annulus
1603 2339 1773 2415 interior
1812 2347 2008 2443 planetam

185 2493 323 2544 versus
352 2470 482 2543 minus
512 2479 626 2544 aeute
657 2466 890 2542 terminatus
928 2487 1031 2555 esse,
1073 2463 1355 2560 aliquantoque
1386 2466 1601 2539 obtusioris
1628 2467 1790 2544 luminis
1816 2473 1924 2566 fieri,
1950 2478 2008 2552 ita

186 2607 236 2671 ut
263 2595 464 2671 Sraovaos
484 2594 776 2692 suspicaretur,
800 2592 968 2666 mediam
1002 2590 1112 2664 illam
1143 2588 1457 2665 terminationem
1492 2590 1623 2665 minus
1645 2595 1868 2690 regularem
1881 2601 2009 2678 altem

186 2745 283 2798 esse.

180 2820 186 2831 ⁴
235 2847 359 2921 Valde
379 2847 580 2943 singulare
603 2868 684 2918 esse
715 2845 994 2920 animadvertit
1026 2843 1287 2919 Senonicm
1314 2841 1389 2940 (5),
1425 2844 1643 2941 marginem
1670 2848 1900 2924 interiorem
1915 2853 2005 2928 dex·

180 2982 296 3067 trum
333 2994 486 3068 semper
513 2970 746 3067 languidum
781 2972 988 3067 minusque
1019 2968 1268 3066 spectabilem
1303 2990 1407 3056 esse;
1449 2992 1573 3066 quum
1603 2975 1679 3050 hoe
1708 2977 2005 3073 phaenomenon

178 3097 307 3171 variis
329 3097 539 3172 rotationis
559 3096 714 3194 periodi
730 3098 975 3196 temporibus
995 3104 1035 3166 et
1058 3093 1212 3189 aliquot
1221 3095 1307 3192 jam
1329 3095 1442 3169 annis
1464 3107 1556 3171 ante
1576 3124 1666 3174 oum
1687 3100 1883 3178 Onanasro
1902 3127 2005 3179 com·

176 3222 470 3308 munioavisset.
518 3222 693 3297 Interior
715 3223 853 3297 annuli
870 3240 1009 3320 margo
1025 3220 1077 3293 ad
1099 3230 1252 3318 partem
1272 3220 1472 3296 sinistram
1498 3247 1651 3322 semper
1668 3236 1756 3301 erat
1784 3239 1899 3303 aoute
1927 3244 2006 3304 ter-

175 3348 372 3438 minatus,
397 3357 518 3445 atque
537 3348 606 3421 ille
624 3348 676 3422 ad
700 3360 854 3446 partem
878 3350 1054 3423 dextram
1075 3367 1226 3442 semper
1243 3347 1373 3420 minus
1390 3350 1633 3447 perspicuus.

231 3472 375 3548 Dronrs
407 3496 461 3548 nn
501 3471 647 3549 strom
678 3472 730 3573 (6)
764 3474 817 3548 ad
848 3474 1019 3547 aliorum
1047 3473 1245 3570 judioium
1283 3484 1500 3570 prorooat‚
1532 3501 1625 3553 num
1667 3487 1838 3576 utraque
1867 3483 2005 3557 annuli

175 3598 300 3691 facies
342 3599 585 3673 tantumdem
619 3600 780 3674 luminis
816 3602 1003 3675 reflectat.
1061 3599 1283 3673 Australem
1318 3599 1457 3673 faeiem
1489 3602 1579 3699 plus
1611 3602 1772 3678 luminis
1805 3607 2006 3684 reflectere

175 3722 333 3811 boreali
357 3723 559 3822 opinatur.
605 3722 655 3797 ld
683 3733 814 3798 autem
836 3725 1001 3800 definita
1032 3720 1189 3796 difficile
1214 3724 1312 3815 orit,
1337 3727 1524 3823 quoniam
1556 3729 1628 3804 has
1641 3730 1760 3805 facies
1778 3752 1859 3806 non
1885 3733 2004 3809 simul

174 3848 349 3925 interae
367 3871 601 3947 eomparare
621 3871 841 3947 possumus.

183 4056 187 4065 q
231 3970 443 4048 unisonas
463 3997 588 4073 porro
604 3972 736 4047 adhue
756 3972 1055 4066 animadvertit,
1079 3972 1216 4047 annuli
1236 3981 1391 4047 tenuem
1415 3975 1653 4072 marginem,
1678 3998 1799 4073 quam
1827 3996 1901 4073 per
1924 3978 2002 4053 dis·

173 4095 418 4199 paritionem
448 4099 628 4188 ridebat,
659 4097 790 4172 minus
820 4098 979 4174 luminis
1006 4098 1228 4188 reflectere,
1252 4120 1373 4195 quam
1396 4096 1506 4196 quod
1535 4098 1588 4171 ab
1605 4098 1798 4195 ejusmodi
1817 4102 2002 4176 erassitu-

172 4318 424 4349 *nu-u

185 4418 279 4566 =(l)
304 4476 474 4542 Memoa'ra
497 4472 541 4563 of
552 4474 608 4538 the
627 4470 728 4541 Δεῖν.
751 4469 829 4539 See.
852 4471 895 4564 of
907 4470 1071 4554 london,
1094 4470 1168 4541 vot
1188 4472 1246 4540 IV.
1273 4475 1360 4544 Part.
1382 4472 1428 4542 ll.
1453 4496 1528 4565 pag.
1551 4476 1631 4542 383.
1995 4512 1999 4520 ,

224 4588 274 4676 (2)
299 4586 405 4653 Mem.
437 4584 478 4650 de
509 4581 650 4649 l‘Aoad.
676 4581 737 4647 der
763 4579 945 4661 Scieneea,
973 4582 1074 4649 auree
1097 4558 1290 4655 llbccxt.
1323 4606 1396 4675 pag.
1417 4586 1470 4655 13.
1516 4580 1566 4653 Li
1592 4583 1731 4665 Latet,
1756 4584 1998 4672 Astronomre,

173 4700 277 4769 Tom.
297 4696 360 4764 lll.
394 4696 425 4782 ς.
447 4694 546 4761 3351.

229 4807 279 4897 (3)
303 4809 419 4885 Bonr,
442 4804 544 4871 datr.
563 4802 689 4872 Jatrt.
712 4804 809 4870 1817.
832 4825 907 4894 pag.
931 4804 1008 4875 186.

191 4904 201 4913 “
228 4918 279 5006 (1)
302 4918 403 4986 Artr.
423 4904 557 4982 Nacir.
584 4909 622 4978 B.
641 4911 686 4979 V.
718 4912 777 4981 ΝΟ.
801 4912 857 4984 97.

227 5027 278 5115 (5)
301 5026 452 5105 Ibidem,
477 5023 515 5092 B.
535 5020 628 5089 tin.
656 5018 717 5090 ΝΟ.
738 5024 814 5090 189.

229 5139 279 5225 (6)
302 5132 416 5206 Euat
433 5136 499 5202 'aur
512 5134 563 5201 lea
574 5132 736 5224 plenem.
758 5133 825 5205 rel.
842 5154 915 5201 aaa
932 5131 1026 5227 disp.
1041 5130 1183 5226 period.
1203 5130 1245 5200 de
1263 5122 1425 5199 Panum
1444 5128 1487 5198 de
1506 5116 1678 5210 Saturne,
1701 5153 1774 5224 pag.
1797 5149 1895 5206 xxm,
