4970 6164
982 500 1300 584 ..ω-,ς

236 699 566 806 par-teinmedio
589 706 778 800 pmotmn
799 693 999 792 luridum,
1023 699 1132 799 quod
1164 701 1208 780 in
1239 700 1542 779 orientali'ansa
1568 703 1715 785 dutus
1733 708 2051 805 quunooetden

235 835 530 1054 tallIlieenAtprilis
548 955 574 1028 5
592 950 643 1027 ab
666 959 837 1047 utraque
858 960 973 1049 parte
988 972 1029 1025 ae
1049 952 1131 1027 tria
1155 952 1317 1031 subtilia
1336 952 1473 1029 ridere
1505 953 1746 1055 opinabatur
1761 967 1926 1057 punota;
1949 970 1998 1036 ut
2014 972 2054 1037 et

239 1088 304 1174 13,
333 1084 379 1158 lt
393 1092 432 1155 et
450 1083 498 1159 17
521 1077 694 1179 Aprilis,
717 1078 897 1176 querulis
918 1078 1126 1155 diffieilius.

285 1474 485 1549 Parmam
510 1469 562 1571 (1)
590 1468 774 1548 ,Aleuae
805 1472 902 1545 tubo
930 1468 1294 1549 Frauenhoferiano
1326 1470 1518 1571 tpedum
1536 1469 1616 1545 foai
1636 1466 1845 1565 distantia,
1869 1472 1920 1553 37
1935 1475 2054 1552 linea-

237 1624 327 1675 rum
347 1599 538 1699 apertura
558 1605 598 1669 et
620 1598 691 1670 144
702 1598 1028 1695 amplificatione,
1053 1621 1127 1696 per
1143 1609 1271 1674 totum
1292 1621 1458 1674 mensem
1479 1596 1656 1697 Aprilem
1672 1598 1768 1672 anni
1788 1602 1902 1693 1833,
1926 1604 2055 1680 orien-

236 1727 354 1800 talem
377 1723 537 1798 videbat
558 1743 690 1794 ansam
714 1745 866 1823 semper
888 1726 1015 1798 multo
1033 1726 1242 1800 clariorem
1261 1725 1507 1801 ooaidentali.

285 1851 358 1925 Die
380 1853 430 1926 22
451 1847 600 1946 Aprilis
628 1849 817 1925 annulum
841 1850 1000 1925 ridebat
1030 1852 1237 1948 perspicue
1260 1852 1367 1924 velut
1399 1850 1582 1924 subtilem
1607 1849 1773 1938 lineam3
1797 1849 1841 1924 in
1871 1851 2056 1927 orientali

237 2002 333 2053 ansa
347 1977 431 2050 sere
450 1974 590 2071 quinta
608 1983 723 2071 parte
744 1979 794 2050 ab
819 1976 905 2074 ejus
922 1977 1001 2052 lino
1018 1978 1229 2053 videbatur
1259 1978 1363 2052 linea
1391 1975 1541 2051 clarior
1574 1997 1677 2064 esse,
1700 1977 1868 2076 putabat
1898 2001 2056 2075 quoque

234 2126 275 2178 se
310 2105 352 2176 in
389 2098 620 2177 oooidentali
650 2122 744 2173 ansa
769 2114 959 2202 punctum
987 2104 1146 2194 videre,
1181 2103 1291 2199 quod
1318 2103 1566 2201 aliquatenus
1602 2111 1705 2177 esset
1738 2102 1887 2178 elarius
1915 2104 2055 2179 oetaris

233 2229 438 2328 partibus,
463 2225 621 2301 difficile
634 2236 765 2301 autem
786 2252 812 2302 a
831 2228 971 2303 aeoeris
989 2227 1183 2327 distingui
1195 2229 1340 2328 potuit.

282 2356 355 2428 Die
385 2354 534 2452 Aprilis
554 2355 605 2432 25
637 2352 778 2429 lineam
806 2353 1005 2452 permulto
1035 2356 1281 2431 subtiliorem
1314 2353 1560 2452 oonspiaatus
1586 2359 1666 2441 est,
1702 2352 1909 2450 perspicua
1924 2363 2055 2431 tamen

235 2484 366 2555 adhue
385 2480 427 2553 in
452 2491 624 2576 utroque
655 2481 834 2578 planetae
863 2481 988 2553 latere
1006 2482 1342 2580 oonspioiendam,
1366 2480 1408 2553 in
1429 2500 1523 2551 ansa
1553 2475 1738 2550 orientali
1770 2477 1941 2556 lucidius
1956 2507 2054 2580 pun·

234 2620 342 2685 atum
367 2607 487 2680 tertia
504 2615 618 2702 parte
634 2605 820 2680 diametri
836 2607 888 2680 ab
909 2606 1071 2680 Saturni
1100 2608 1280 2705 margine
1303 2604 1507 2680 observari
1530 2601 1684 2700 potuit,
1717 2601 1929 2678 ridebatur
1958 2631 2056 2703 quo·

234 2734 381 2832 quein
413 2754 508 2804 ansa
535 2730 767 2804 occidentali
793 2740 899 2804 sexta
931 2731 1116 2807 diametri
1144 2742 1259 2833 parte
1285 2755 1311 2807 a
1339 2730 1501 2807 Saturni
1528 2727 1729 2825 margine,
1754 2728 1865 2804 loeus
1898 2731 2055 2806 lucidus

237 2864 280 2936 in
303 2860 407 2933 linea
426 2858 591 2930 maxime
613 2855 735 2928 debili
757 2877 849 2930 esse.

281 2988 354 3060 Die
373 2988 423 3062 26
448 2984 595 3080 Aprilis
611 2980 861 3056 occidentalis
890 3004 984 3056 ansa
1014 2986 1098 3059 fere
1118 2985 1391 3082 disparuerat,
1416 2982 1656 3081 opinabatur
1674 2993 1807 3058 autem
1835 2981 2052 3075 Parnasus,

234 3138 316 3190 una
338 3112 478 3209 quinta
504 3108 688 3183 diametri
707 3116 821 3205 parte
838 3130 863 3180 a
879 3109 1057 3207 planetae
1075 3112 1253 3210 margine
1284 3133 1325 3185 se
1350 3110 1481 3185 locum
1510 3109 1663 3183 alarum
1695 3110 1842 3187 ridere.
1889 3110 1939 3183 In
1959 3133 2053 3185 ausa

233 3238 417 3317 orientali
434 3237 612 3310 lucidum
631 3242 719 3307 erat
732 3245 941 3329 punctum,
966 3239 1086 3312 tertia
1104 3237 1290 3312 diametri
1299 3245 1433 3334 parte,
1458 3257 1581 3333 aeque
1590 3258 1637 3308 aa
1648 3236 1898 3333 praecedeuti
1910 3237 1975 3310 die
1986 3237 2053 3309 ob·

235 3366 490 3454 servandum,
518 3361 701 3460 inprimis
726 3362 885 3455 quando
914 3365 1031 3438 exiles
1051 3365 1216 3440 nebulae
1235 3362 1610 3450 transvehebantur,
1634 3362 1779 3457 quibus
1800 3373 1895 3437 tune
1913 3360 2054 3452 fiebat,

233 3505 280 3570 ut
299 3514 431 3568 omnes
450 3490 549 3563 aliae
568 3507 683 3561 ansae
703 3495 836 3585 partes
861 3489 1076 3566 invisibiles
1092 3500 1236 3581 essent,
1261 3490 1415 3585 hooque
1439 3487 1567 3562 solum
1587 3498 1804 3585 superesset
1823 3499 2024 3587 punotum.

283 3883 365 3957 Vos
395 3878 676 3955 Boausmwsm
700 3877 752 3976 (2)
782 3880 1043 3972 Breslaoiae,
1076 3883 1141 3956 die
1176 3885 1219 3960 21
1266 3884 1416 3984 Aprilis
1445 3882 1538 3956 anni
1570 3880 1695 3969 1833,
1730 3902 1803 3977 ope
1840 3883 1882 3965 ll
1908 3880 2053 3978 pedum

236 4010 324 4083 tubi
345 4005 665 4098 qusnnormr,
692 4009 740 4083 113
758 4008 871 4081 lineis
900 4016 1112 4105 aperturae
1134 4019 1174 4082 et
1198 4010 1502 4108 amplificatione
1526 4006 1622 4095 162,
1647 4003 1925 4078 occidentalem
1948 4004 2054 4079 ride-

238 4138 305 4210 bat
323 4152 456 4207 ansam
477 4131 725 4230 aliquatenus
743 4134 951 4209 clariorem
970 4132 1174 4226 orientali,
1198 4138 1309 4211 nulla
1341 4134 1476 4210 lueida
1504 4132 1738 4207 observabat
1759 4140 1922 4229 penate,
1948 4132 2053 4205 unde

235 4260 372 4338 annuli
390 4257 537 4353 rotatio
557 4257 688 4355 ejusve
706 4260 951 4335 eontrarium
970 4260 1220 4357 probaretur.

282 4387 356 4460 Die
385 4388 435 4461 25
464 4382 611 4479 Aprilis
635 4387 823 4460 annulum
850 4385 1008 4461 ridebat
1045 4387 1095 4460 ab
1126 4397 1297 4484 utraque
1342 4383 1504 4460 Saturni
1536 4391 1652 4480 parte
1681 4394 1729 4471 ut
1762 4380 2053 4459 subtilissimam

233 4514 399 4588 maxima
427 4519 583 4584 acutam
613 4509 788 4600 lineam,
812 4510 904 4585 inde
934 4513 985 4586 ab
1018 4512 1179 4588 Saturni
1205 4512 1314 4589 disoo
1345 4512 1429 4586 sine
1461 4509 1751 4609 intemuptione
1776 4510 1839 4586 rel
1873 4511 2053 4610 partibus

232 4638 395 4727 lucidis,
419 4636 463 4710 in
484 4645 632 4733 punota
646 4636 900 4714 subtilissima
916 4648 1198 4718 excurrentem,

279 5016 329 5100 (l)
353 5013 496 5083 Astron.
524 5013 657 5080 Naohr.
681 5013 739 5081 ΝΟ.
761 5017 838 5082 249.

282 5124 331 5214 (2)
356 5122 513 5203 Itidem,
541 5122 598 5194 Νὴ
618 5125 693 5192 252.
718 5147 791 5217 pag.
812 5127 892 5193 209.
925 5154 930 5163 ·
