4970 6164
930 556 1269 633 ..rae-

1083 750 1187 852 §.a

278 934 398 1010 Annis
430 935 525 1017 1789
559 947 597 1014 et
626 941 747 1034 1799,
781 965 828 1018 00
861 954 1055 1045 tempore,
1091 972 1172 1047 quo
1201 947 1337 1023 annuli
1376 943 1535 1046 planum
1562 966 1635 1042 per
1665 943 1782 1019 solem
1810 949 2023 1045 transibat,

231 1060 431 1140 8011οὃ100
445 1063 496 1163 (1)
518 1064 569 1139 de
582 1068 718 1142 annuli
736 1071 995 1146 crassitudine
1014 1071 1114 1146 nihil
1135 1073 1377 1172 conspicatus
1388 1078 1467 1159 est,
1492 1078 1534 1141 at
1555 1090 1649 1142 rere
1670 1069 1825 1166 quidem
1848 1089 2026 1173 separata

229 1190 419 1285 quaedam
437 1200 601 1288 puncta,
634 1216 735 1293 quac
753 1197 938 1273 maximos
967 1194 1209 1274 existimabat
1230 1209 1402 1291 montes,
1426 1195 1579 1272 ratione
1607 1196 1873 1273 crassitudinis
1891 1205 2026 1279 annuli

231 1316 377 1391 habita.

231 1532 235 1543 Ι
275 1442 407 1518 Mense
439 1442 653 1540 Septembri
684 1449 775 1523 anni
808 1449 972 1528 178910
994 1448 1130 1525 000011
1161 1452 1450 1552 reapparitione
1479 1451 1606 1525 forma
1625 1449 1886 1547 abruptorum
1905 1477 2024 1551 punc·

229 1577 361 1643 torum
380 1571 622 1668 conspicatus
644 1585 701 1649 est
717 1576 916 1652 annulum.

281 1693 355 1768 Die
380 1697 425 1770 31
449 1695 631 1772 Januarii
649 1701 859 1778 00011799
880 1702 1108 1779 orientalem
1134 1701 1270 1778 annuli
1298 1701 1440 1777 lineam
1463 1702 1663 1777 Scandrrm
1689 1699 1740 1800 (2)
1765 1700 1921 1776 videbat
1947 1727 2026 1780 om·

229 1818 323 1892 nino
342 1842 422 1894 non
436 1831 516 1896 tam
533 1825 650 1899 latam
662 1827 887 1926 claramque
905 1852 1023 1926 quam
1046 1829 1337 1920 occidentalem,
1362 1838 1407 1901 ut
1424 1829 1519 1927 mg.
1535 1830 1585 1904 33
1602 1850 1687 1901 eam
1705 1824 1884 1905 ostendit.

275 1943 348 2017 Die
365 1944 584 2025 Februario
604 1955 650 2026 lo
664 1965 869 2050 sequente,
893 1960 944 2033 95
957 1967 996 2030 et
1016 1959 1087 2045 161
1109 1955 1409 2053 amplificatione
1431 1958 1454 2032 7
1473 1953 1616 2051 pedum
1637 1952 1903 2028 Herscheliani
1920 1956 2028 2029 teles-

88 2103 92 2113 ,
227 2071 331 2166 eopii
356 2095 447 2170 ope,
473 2077 660 2152 annulum
682 2082 927 2179 conspicatus
948 2092 1005 2156 est
1028 2083 1079 2157 ab
1100 2104 1333 2179 unaquaque
1354 2081 1531 2179 planetae
1558 2089 1670 2179 parte
1689 2079 1771 2152 fere
1801 2081 2027 2178 00000100-

224 2219 318 2292 gum
336 2208 374 2271 et
390 2222 513 2298 aeque
537 2204 708 2296 0101010,
732 2208 845 2282 raldo
866 2230 958 2283 vero
979 2207 1242 2305 inaequalem,
1266 2206 1564 2304 relinquensque
1579 2208 1629 2280 ab
1645 2228 1878 2303 unaquaque
1896 2207 2026 2305 plane·

225 2332 288 2396 tae
312 2334 426 2423 parte
448 2330 616 2426 spatium
631 2331 740 2428 quod
766 2333 850 2407 fere
879 2342 1060 2432 quartam
1091 2355 1270 2406 ansarum
1291 2343 1443 2432 partem
1460 2333 1696 2422 contineret,
1718 2339 1764 2404 ut
1792 2332 1835 2405 in
1854 2333 1946 2432 rig.
1966 2337 2027 2408 31.

226 2446 289 2524 Sic
316 2474 473 2548 qnoque
496 2455 632 2532 diebus
656 2456 721 2548 13,
749 2462 797 2535 15
827 2468 867 2531 et
899 2462 945 2535 16
964 2454 1288 2532 Februarii⁰eum
1323 2457 1453 2547 ridit,
1486 2467 1657 2531 attamen
1689 2454 1841 2530 duobus
1875 2440 2029 2530 ultimis

226 2572 389 2679 diebus,
414 2601 544 2654 ansam
564 2583 792 2656 orientalem
810 2582 1014 2681 peultrlum
1033 2584 1271 2657 obtusiorem
1289 2582 1488 2679 magisque
1505 2585 1714 2681 abruptam
1736 2582 1976 2656 occidentali.

275 2697 395 2774 Putat
436 2702 637 2782 80006000
671 2709 803 2782 eadem
839 2734 878 2784 se
904 2710 1193 2807 phaenomena,
1226 2709 1334 2806 quod
1363 2709 1415 2783 ad
1456 2719 1600 2807 puncta
1633 2708 1675 2781 in
1711 2707 1855 2781 annulo
1895 2706 2027 2779 lucida

224 2826 468 2919 observasse,
497 2854 598 2927 quae
616 2831 745 2909 locum
762 2836 907 2908 habent
929 2836 971 2909 in
1000 2845 1135 2910 nostra
1163 2845 1293 2928 terra,
1320 2834 1477 2934 quando
1505 2835 1652 2909 oriitur
1683 2834 1742 2906 vel
1776 2830 1920 2906 occidit
1947 2832 2023 2918 sol;

224 2938 345 3051 quum
376 2953 507 3026 adhuc
538 2977 711 3051 aequora
744 2956 822 3030 sint
853 2957 1041 3050 obscura,
1066 2960 1159 3033 dum
1184 2959 1379 3057 inaequali
1396 2958 1542 3034 lumine
1564 2957 1837 3031 illuminantur
1853 2966 2025 3057 montes,

222 3075 471 3168 curatione,
496 3101 576 3174 qua
590 3080 662 3152 alti
682 3081 781 3171 sint,
807 3079 1016 3157 adscendet
1037 3083 1288 3157 descendatre
1310 3084 1380 3158 sol.
1428 3083 1671 3158 Videbantur
1697 3081 1772 3180 ipsi
1801 3101 1957 3175 quoque
1980 3078 2023 3150 hi

220 3206 387 3275 montes.
412 3222 535 3297 aeque
554 3227 601 3279 ac
616 3205 720 3303 apud
741 3229 835 3296 nos,
861 3202 953 3279 'sole‘
969 3205 1222 3281 adscendente
1241 3215 1280 3280 et
1300 3207 1551 3282 descendente
1579 3206 1713 3305 longas
1734 3206 1830 3278 dare
1847 3204 2022 3294 umbras,

220 3318 387 3417 illasque
405 3327 565 3401 umbras
585 3331 784 3405 breviores
804 3328 923 3418 11οι1,
939 3331 1090 3403 ratione
1113 3328 1204 3404 solis
1225 3329 1490 3404 adscendentis
1510 3330 1654 3405 habita.

266 3445 339 3519 Die
359 3448 457 3547 Maji
480 3450 636 3531 tzanni
660 3458 778 3539 1803,
805 3453 962 3528 ridebat
981 3455 1181 3533 Soundruu
1203 3454 1281 3555 (3),
1304 3478 1428 3552 quum
1444 3456 1502 3530 sol
1519 3456 1690 3529 australe
1709 3452 1843 3531 annuli
1862 3450 2023 3551 planum

219 3566 573 3672 appropinquaret,
598 3604 644 3656 00
674 3582 846 3671 ratione,
872 3603 952 3676 qua
980 3580 1037 3655 sol
1059 3581 1224 3656 inferius
1240 3581 1292 3655 ad
1322 3582 1406 3679 ejus
1424 3582 1663 3657 horizontem
1677 3581 1922 3681 perveniret,
1947 3579 2019 3652 tali

219 3692 372 3772 ratione
402 3703 519 3777 etiam
550 3692 739 3783 montium
769 3708 930 3780 umbras
961 3704 1159 3806 longiores
1187 3730 1289 3798 esse,
1326 3706 1608 3805 inferioresque
1634 3718 1723 3807 post
1748 3730 1816 3782 eos
1845 3704 2021 3804 planitiei

219 3833 351 3921 partes
371 3827 608 3906 obscuritate
638 3844 780 3932 tegere.
828 3832 879 3906 Et
900 3832 1011 3929 quia,
1036 3841 1082 3905 ut
1110 3832 1245 3923 addit,
1269 3834 1535 3929 geocentricae
1565 3833 1822 3931 longitudinis
1847 3830 2021 3906 0011080-

219 3950 408 4047 turnique
439 3954 659 4032 differentia
680 3960 716 4036 3ο
730 3962 789 4035 23‘
809 3956 1160 4056 complectebatur,
1197 3959 1411 4056 oculusque
1431 3979 1554 4056 parvo
1575 3959 1718 4056 angulo
1739 3957 1896 4055 oblique
1912 3976 2019 4026 mon·

217 4072 317 4151 tium
344 4081 506 4154 umbras
530 4083 782 4175 intuebatur,
815 4084 876 4158 illi
909 4107 1100 4183 apparere
1127 4107 1278 4160 necesse
1316 4095 1404 4159 erat
1428 4082 1694 4179 annulumque
1717 4083 1902 4157 continuo
1929 4078 2019 4177 plus

216 4202 392 4278 minusve
428 4217 657 4304 punctatum
690 4210 983 4308 abruptumque
1016 4210 1250 4308 procederc;
1283 4211 1392 4308 quod
1424 4210 1541 4283 etiam
1572 4209 1711 4299 fiebat,
1747 4208 1899 4307 ipsique
1927 4213 2020 4277 erat'

216 4327 482 4406 firmissimum
507 4346 773 4410 montosarum
791 4336 1115 4435 inaequalitatum
1135 4336 1176 4441 in
1198 4337 1335 4412 annuli
1357 4335 1520 4435 planitie
1536 4344 1810 4432 argumentum

265 4449 442 4529 Ulterius
468 4461 608 4559 adhuc,
631 4460 832 4539 Scantiana
871 4462 1051 4561 procedit
1087 4462 1331 4560 mediamque
1369 4459 1730 4560 perpendicularem
1769 4452 2014 4557 altitudinem

217 4576 334 4651 unius
356 4581 499 4656 horum
514 4587 704 4663 montium
728 4586 865 4663 definit
881 4610 962 4663 esse
980 4590 1111 4680 111991
1131 4589 1360 4665 milliarium
1376 4585 1729 4688 geographlwfflm
1749 4581 1813 4684 (4)·

262 4904 311 4992 (1)
334 4902 511 4992 Kronogr.
530 4900 695 4994 Fruges..
719 4903 827 4981 1101.
856 4929 929 5000 pag.
947 4907 1025 4979 216.

261 5010 311 5098 (2)
334 5011 486 5094 Ibidem,
509 5035 583 5104 pag.
605 5018 662 5081 35.

259 5120 310 5206 (3)
334 5120 511 5212 Kraacgr.
532 5121 705 5212 Fragras„
728 5121 788 5192 Th.
809 5118 838 5194 Ι.
869 5147 940 5218 pag.
961 5128 1036 5196 121.

260 5226 309 5317 (1)
331 5228 374 5297 1(
368 5253 507 5324 ronogr.
526 5230 759 5330 stagnata,
780 5234 840 5329 111.
857 5235 886 5306 Ι.
908 5258 981 5329 pag.
999 5238 1080 5304 225.
1160 5294 1166 5301 .
