4970 6164
944 552 1258 639 »1974-

199 758 223 834 't'
236 732 416 844 nerden,
440 732 492 827 da
510 751 575 828 dia
593 742 795 853 Hoffnnng
826 778 875 830 au
900 746 1071 830 entiernt
1094 755 1169 847 ist,
1203 755 1292 829 dass
1312 754 1458 828 Saturn
1487 753 1599 827 einen
1625 750 1746 829 usur
1765 754 2008 852 hinliinglioh
2103 767 2110 777 “

204 883 358 961 s'haller
386 880 565 954 Fixstern
602 881 824 974 bedeoken,
860 881 942 956 und
980 882 1051 978 noy
1085 880 1173 955 dem
1214 881 1518 976 Voriiberganga
1563 879 1695 954 hintar
1722 880 1812 955 dem
1834 881 2007 956 dunkelu

206 1008 567 1087 »Zwisehenraume
594 1008 660 1082 dio
688 1007 807 1083 Saeha
827 1006 1072 1081 entseheidan
1099 1007 1261 1082 moohta.
1310 1006 1444 1081 Niohts
1467 1005 1578 1079 desto
1607 1007 1780 1102 waniger
1810 1005 1918 1080 holte
1944 1006 2008 1078 ioh

202 1137 312 1211 »mir
338 1132 438 1207 naoh
462 1132 540 1206 ¹wie
559 1156 634 1207 ror
659 1134 733 1207 mit
763 1132 836 1206 der
861 1131 1162 1228 dringentlasteu
1185 1130 1603 1206 WahrsehaInliohkeit
1633 1135 1888 1228 iiberueuget,
1913 1131 2009 1205 dass

206 1292 220 1337 ι
236 1262 312 1335 der
330 1260 444 1357 Βίης
460 1258 648 1333 wirtttot
665 1282 741 1334 aas
755 1282 862 1356 away
879 1257 1012 1332 dant
1030 1259 1151 1330 einen
1165 1256 1502 1331 Zwisotenmom
1517 1280 1594 1332 oon
1609 1259 1812 1335 &moder
1826 1257 2011 1357 aegeon·

204 1388 379 1461 ‚darton
399 1385 566 1482 ltingm
583 1384 779 1475 testenet,
803 1383 894 1456 weil
915 1383 1020 1457 diesa
1048 1382 1361 1480 Voraussetaung
1392 1381 1522 1456 durch
1545 1383 1609 1456 die
1641 1384 1829 1481 Analogia
1858 1384 1928 1459 des
1948 1406 2009 1457 er·

200 1514 587 1586 »wiesanermaassen
626 1508 812 1584 wirklioh
849 1507 1141 1583 oorhaudenett
1174 1507 1420 1581 itherisoheu
1458 1507 1790 1582 Zwisohenraums
1816 1486 2017 1583 zwisohen

201 1638 303 1712 »der
332 1635 461 1733 linget
491 1634 575 1710 und
604 1634 693 1709 dem
726 1633 851 1731 Ringe
877 1633 960 1707 und
995 1632 1174 1706 dadumh
1202 1636 1460 1706 unterstiitzet
1490 1634 1616 1725 wird,
1648 1635 1737 1709 dass
1764 1634 1842 1708 wir
1870 1635 1913 1708 in
1935 1635 2008 1709 der

200 1785 376 1860 »genten
415 1783 575 1858 grossen
617 1759 743 1834 Natur
783 1760 851 1833 des
883 1757 1128 1831 Welteuulles
1165 1759 1225 1832 bis
1248 1760 1348 1856 jetzt
1386 1759 1539 1833 iiberall
1567 1760 1680 1834 keina
1706 1758 1829 1834 solide
1861 1760 2007 1835 dnnlda

200 1887 387 1963 »Sehioht
405 1885 502 1960 oder
531 1883 698 1960 Fleakeu
725 1883 920 1982 geiundeu
948 1881 1096 1976 haben,
1121 1885 1266 1959 welche
1290 1884 1399 1960 uioht
1432 1907 1508 1958 von
1532 1884 1887 1983 atmosphirisoher
1911 1887 2008 1962 oder

200 2012 473 2087 »itherisoher
494 2009 798 2086 &mhaffanheit
818 2009 973 2085 norw

1065 2232 1170 2331 §a

838 2449 890 2501 mt
913 2449 1049 2504 tntum
1074 2445 1361 2504 truosrnffltt.

244 2619 410 2721 Quando
428 2627 508 2726 'par
539 2624 674 2699 annuli
704 2624 866 2722 planum
891 2623 950 2698 sol
978 2623 1144 2713 transit,
1178 2622 1425 2721 annulosque
1458 2622 1583 2698 solum
1611 2646 1691 2723 per·
1708 2626 1843 2703 radios
1859 2629 2006 2704 solares

196 2769 331 2822 versus
358 2760 511 2827 tenuem
532 2774 646 2826 suum
675 2751 891 2847 marginem
915 2749 1198 2839 collustratur,
1222 2758 1262 2822 et
1289 2748 1367 2840 ibi,
1392 2759 1585 2846 quantum
1604 2751 1693 2827 fieri
1709 2763 1859 2851 potest,
1889 2755 2006 2852 pleno

195 2872 289 2946 solia
311 2873 459 2952 lomina
486 2878 662 2966 fruitur,
685 2885 724 2949 nt
745 2886 875 2949 tamen
894 2874 1030 2949 annuli
1051 2875 1154 2947 linea
1172 2875 1469 2972 telesoopiorum
1496 2877 1760 2952 communium
1779 2903 1853 2978 ope
1877 2881 2005 2955 rideri

192 3021 274 3073 non
295 3002 441 3096 possit,
467 3003 529 3077 val
552 3023 832 3097 nonnunquam
852 3002 999 3099 partim
1023 3023 1146 3096 eaque
1171 3000 1301 3074 adhue
1330 2999 1445 3073 valde
1469 3001 1630 3094 obtusa,
1666 3007 1844 3102 quamvis
1864 3009 2007 3080 umbra

190 3124 236 3198 iu
263 3125 421 3224 planata
449 3138 530 3201 tam
559 3125 697 3199 eximie
723 3127 776 3200 sit
801 3129 1008 3226 parspioua
1034 3137 1073 3201 at
1101 3136 1146 3201 ut
1167 3126 1468 3222 nigroobsoura
1494 3140 1699 3224 appaream
1738 3131 1839 3207 illud
1866 3144 2006 3208 atmos·

189 3251 363 3350 phaerae
388 3251 525 3326 annuli
551 3251 753 3328 &nonna
776 3252 828 3352 (1)
854 3254 1019 3345 tribuit3
1045 3276 1124 3351 quo
1153 3252 1286 3351 fieret,
1307 3260 1353 3324 ut
1373 3274 1652 3349 nonnunquam
1671 3254 1797 3329 solum
1823 3282 2005 3335 ansarum

189 3402 313 3452 unam
338 3377 551 3476 aliqnando
580 3387 735 3454 tantum
760 3389 910 3478 punota
926 3378 1061 3455 lueida
1079 3377 1214 3453 videre
1241 3387 1393 3474 posset,
1418 3399 1519 3474 quae
1544 3402 1823 3479 nonnunquam
1846 3385 2005 3482 quidem

191 3505 308 3578 valde
337 3508 478 3580 obtusa
494 3504 741 3582 videbantur.

241 3631 372 3730 Quum
408 3654 482 3730 per
520 3631 668 3729 optima
697 3632 926 3731 telasoopia,
959 3641 1006 3706 ut
1036 3654 1109 3729 per
1139 3627 1380 3702 reflaotorem
1405 3627 1725 3705 Hersohelianum
1755 3637 1803 3710 to
1835 3636 2004 3732 pedum,

190 3754 370 3850 margine
388 3777 459 3827 suo
490 3756 598 3828 tenui
625 3779 650 3828 a
676 3756 756 3829 sola
775 3754 1014 3846 illuminato,
1039 3752 1310 3828 tantummodo
1343 3761 1389 3824 ut
1414 3752 1526 3826 valde
1560 3757 1723 3831 obtusus
1751 3761 2004 3857 ainereogri·

191 3899 281 3951 sous
294 3900 429 3953 aenon
447 3879 522 3952 nisi
541 3878 708 3976 partim,
735 3887 853 3973 atque
869 3899 1145 3976 nonnunquam
1165 3877 1323 3950 omnino
1342 3899 1421 3949 non
1444 3881 1612 3977 oonspioi
1628 3890 1785 3978 poterat
1809 3883 2000 3971 annulus,

191 4025 432 4099 quamquam
455 4002 834 4103 perpendiculariter
860 4002 902 4076 in
933 4025 1021 4075 arun
1050 4001 1155 4075 radii
1182 4001 1328 4074 solares
1354 4001 1557 4092 oederent,
1583 4002 1683 4077 illud
1712 4005 1848 4090 nobis,
1865 4003 2003 4101 juutoo

192 4126 419 4203 &naitano
440 4128 518 4227 (2),
541 4127 773 4227 persuadet,
797 4144 949 4198 neeesse
964 4148 1045 4198 esse
1059 4136 1106 4199 ut
1127 4126 1398 4222 atnosphaoro
1420 4127 1635 4201 instructus
1653 4128 1705 4200 sit
1720 4127 1905 4219 annulus,
1930 4132 2000 4224 qui

192 4251 384 4325 densitate
401 4254 577 4350 proxime
594 4276 684 4327 oum
702 4252 772 4325 illa
787 4260 944 4324 nostrae
957 4262 1089 4325 terrae
1106 4250 1311 4325 conveniat

242 4377 431 4473 Repertas
455 4400 613 4474 quoque
639 4374 725 4450 vult
753 4372 952 4447 Scantiana
982 4373 1033 4473 (3)
1064 4374 1206 4447 multas
1227 4373 1270 4447 in
1299 4372 1436 4448 annuli
1462 4370 1733 4468 atmosphaera
1765 4375 2001 4451 variationes

188 4498 591 4596 modificationesque3
618 4500 712 4597 quia
731 4494 847 4568 modo
859 4517 957 4584 una,
980 4498 1096 4572 modo
1117 4497 1243 4571 altaro
1261 4520 1354 4571 ansa
1365 4495 1514 4570 clarior
1529 4505 1606 4585 est,
1632 4497 2001 4593 anntrlusquetotns

189 4646 474 4721 nonnunquam
495 4625 624 4699 miuus
647 4622 875 4723 perspicuus
904 4644 1024 4719 quom
1037 4622 1116 4698 alio
1140 4632 1316 4722 tempora
1335 4630 1509 4723 apparet.
1550 4618 1704 4697 Hanooe
1722 4643 1832 4695 suam
1851 4625 2001 4721 opinio-

238 5004 287 5090 (1)
311 5003 487 5093 Kronogr.
509 5000 657 5091 fragm.
687 4999 748 5067 th.
768 5003 796 5070 l.
828 5025 901 5095 pap.
926 5004 1002 5072 249.

239 5111 288 5196 (2)
312 5111 489 5202 Kronogr.
509 5110 656 5201 Fragm.
690 5108 751 5178 Th.
771 5112 799 5182 1.
829 5134 902 5205 pag.
922 5113 999 5180 253.

239 5220 289 5308 (3)
313 5218 465 5303 Ibidem,
494 5242 567 5313 pag.
586 5222 649 5289 257
670 5241 759 5311 seqq.
1126 5220 1135 5237 “
