4978 6160
1202 488 1491 569 -ῃ,

433 694 546 793 gulos
566 690 702 767 annuli
733 685 894 763 Saturni
927 684 1172 769 observatas
1197 705 1298 779 quas
1326 684 1617 761 chananaeas
1648 685 1851 784 conjunxit
1884 703 1973 759 cnm
2014 682 2065 759 iis
2091 683 2260 786 dispart-

437 822 590 895 tionum
616 815 1031 915 reapparitionumquc
1054 809 1209 901 annuli,
1242 811 1336 887 inde
1358 811 1409 884 ab
1441 809 1556 885 initio
1582 811 1850 909 praecedentis
1888 806 2009 885 seculi
2049 810 2260 887 adhibitas.

438 945 531 1018 Illas
558 964 647 1016 suas
678 938 966 1026 observationes
995 948 1035 1011 et
1064 935 1373 1037 computationes
1399 931 1660 1009 communicat
1687 934 1729 1007 in
1765 933 2094 1011 Astrmtomiaclte
2124 935 2256 1009 Nach-

435 1070 597 1145 ricbten
636 1090 714 1140 non
749 1065 1040 1149 Scnnnucnna,
1084 1062 1167 1136 Vol.
1193 1061 1250 1135 12.
1291 1060 1353 1135 tu
1369 1060 1464 1146 2743
1500 1058 1615 1155 cujus
1648 1059 1782 1157 operis
1815 1060 2033 1135 versionem
2070 1060 2259 1138 Gallicam

436 1194 605 1295 protulit
635 1192 680 1267 D.
714 1190 972 1267 Ptanrlnoua
1004 1191 1046 1266 in
1077 1189 1297 1267 Additions
1336 1184 1433 1260 sila
1465 1183 1754 1259 connaissance
1788 1187 1858 1262 dea
1897 1196 1997 1263 tems
2030 1209 2139 1284 petar
2173 1187 2260 1259 Pan

440 1326 548 1400 1838.

482 1446 703 1522 Praemittit
744 1443 890 1517 ansan
932 1443 1004 1516 has
1036 1440 1410 1516 animadversiones:
1448 1439 1568 1512 situm
1610 1459 1750 1535 nanpe
1778 1440 1888 1537 plani
1926 1438 2153 1535 aequmoris
2184 1438 2249 1511 Sa-

439 1576 550 1654 turni
586 1571 868 1646 mutationibus
909 1566 1128 1665 subjectum
1159 1589 1266 1657 esse,
1298 1589 1400 1663 quae
1433 1564 1548 1640 valde
1581 1564 1762 1660 aequales
1804 1576 1895 1639 sunt
1931 1573 2087 1640 nostrae
2122 1576 2259 1639 terrae

439 1699 775 1798 aequinoctiorum
796 1695 1064 1794 praecessioni.
1113 1693 1226 1768 Secct
1256 1693 1326 1767 ille
1351 1692 1512 1791 planum
1542 1688 1687 1780 fixum,
1712 1690 1821 1788 qnod
1849 1715 1940 1767 cum
1966 1692 2083 1790 plano
2101 1692 2258 1765 orbitae

440 1826 600 1900 Saturni
620 1835 795 1923 tempore
821 1820 914 1895 dato
949 1818 1167 1910 coincidet,
1191 1818 1264 1892 sub
1293 1818 1440 1915 angulo
1463 1818 1546 1891 iere
1567 1818 1783 1908 constanti,
1807 1820 1969 1915 ejusque
1995 1818 2117 1892 bneas
2136 1818 2257 1891 inter·

437 1952 617 2026 sectionis
645 1974 686 2025 se
715 1968 949 2049 promovere
972 1969 1063 2020 cum
1102 1946 1180 2019 hoc
1211 1945 1353 2043 plano,
1387 1941 1599 2017 admodum
1632 1944 1719 2016 fere
1758 1955 2020 2041 congruenter
2062 1947 2257 2042 tempori,

438 2087 578 2151 contra
598 2076 800 2176 signorum
822 2073 1013 2148 ordinem.
1062 2070 1258 2171 Quoniam
1280 2068 1542 2167 complanatio
1570 2070 1763 2143 sensibilis
1788 2070 1950 2144 Saturni
1969 2080 2009 2143 et
2024 2073 2257 2170 propinqui-

437 2213 498 2275 tas
517 2201 653 2277 annuli
671 2199 841 2276 efficiunt
852 2252 865 2291 ,
876 2174 934 2271 'ut
970 2197 1132 2296 manum
1154 2197 1291 2271 annuli
1314 2194 1495 2268 omnibus
1510 2197 1753 2294 temporibus
1774 2195 1888 2270 valde
1914 2197 2182 2296 propinquum
2203 2201 2254 2272 sit

438 2326 664 2423 aequaberis
681 2327 822 2424 plano,
846 2334 976 2403 monn
1000 2323 1216 2400 communis
1246 2323 1371 2399 meae
1400 2319 1597 2397 nodorum
1629 2323 1838 2421 utriusque
1863 2322 1972 2420 plani
2005 2327 2258 2424 componitur

436 2452 603 2527 efficacia
624 2452 717 2525 solis
729 2453 771 2527 in
786 2448 904 2525 ambo
923 2474 1118 2548 corpora;
1142 2447 1320 2523 nondum
1341 2455 1473 2520 autem
1497 2447 1758 2543 quantitatem
1788 2447 1909 2545 hujus
1926 2460 2058 2522 motus
2076 2473 2121 2524 ex
2143 2452 2251 2527 theo·

437 2580 501 2654 ria
518 2599 629 2676 posse
651 2574 832 2670 definiri,
856 2577 1043 2676 quoniam
1058 2573 1110 2647 ad
1133 2572 1236 2647 illud
1256 2571 1473 2647 necessaria
1499 2573 1673 2671 cognitio
1704 2574 1883 2647 internae
1905 2574 2067 2653 Saturni
2090 2578 2255 2676 eJusque

440 2702 578 2780 annuli
608 2704 897 2778 constitutionis
933 2701 1069 2778 adhuc·
1097 2699 1214 2774 deest
1277 2696 1597 2795 Quamobrem
1623 2699 1732 2773 illam
1769 2700 2027 2796 quantitatem
2062 2711 2250 2801 tanquam

440 2827 679 2928 incognitam
699 2828 742 2902 in
764 2829 1037 2927 inquisitiones
1069 2825 1191 2900 infert
1210 2823 1400 2921 illamque
1417 2823 1754 2899 observationibus
1770 2826 1856 2901 vult
1875 2826 2146 2902 determinare.

485 2955 542 3030 Ut
561 2955 679 3028 situm
698 2954 806 3051 plani
837 2955 974 3030 annuli
999 2952 1182 3043 Satmni,
1219 2949 1328 3048 quod
1353 2947 1407 3022 ad
1433 2948 1677 3046 eclipticam,
1705 2951 1919 3049 exprimat,
1944 2974 2016 3050 per
2041 2955 2252 3028 variabiles

439 3080 701 3186 quantitates,
736 3103 837 3178 quae
858 3092 970 3157 suam
999 3079 1208 3157 effimoiam
1234 3075 1278 3149 in
1304 3096 1394 3150 enm
1426 3086 1625 3167 exercent,
1657 3078 1771 3152 illum
1802 3077 2008 3153 coordinat
2034 3081 2165 3178 primo
2194 3082 2246 3155 ad

435 3205 652 3307 eclipticam
693 3205 811 3297 1750,
846 3206 1111 3306 proponitque
1147 3199 1416 3279 adscendentis
1443 3200 1540 3276 nodi
1574 3200 1858 3302 longitudinem
1882 3205 2249 3304 inclinationemque

439 3332 547 3434 plani
566 3330 704 3407 annuli
722 3327 831 3427 quod
849 3331 902 3406 ad
923 3332 1000 3409 boc
1018 3330 1181 3428 planum
1210 3349 1284 3427 per
1302 3349 1344 3414 a,
1365 3334 1406 3399 et
1419 3327 1467 3417 i,;
1491 3325 1627 3402 eodem
1653 3326 1770 3402 modo
1793 3331 1917 3426 peril
1939 3331 2017 3406 etl
2034 3329 2249 3430 longitudi-

436 3481 525 3535 nem
554 3454 823 3532 adscendentis
847 3456 957 3530 nodi.
974 3454 1129 3531 orbitae
1146 3452 1254 3528 iliius
1289 3450 1333 3526 in
1357 3448 1494 3525 eodem
1518 3452 1637 3550 plano
1656 3478 1667 3541 ς
1700 3462 1740 3526 et
1776 3475 1850 3552 per
1878 3478 1931 3541 a„
1962 3456 2248 3554 longitudinem
2281 3499 2285 3507 ·

437 3580 705 3660 adscendentis
722 3578 818 3655 nodi
838 3580 949 3679 plani
964 3572 1102 3655 annuli
1117 3579 1160 3653 in
1179 3578 1298 3676 plano
1321 3574 1475 3652 orbitae
1502 3577 1664 3654 Saturni
1688 3579 1782 3655 anni
1796 3579 1894 3659 1750
1913 3590 1953 3656 et
1970 3604 2045 3681 per
2065 3584 2108 3672 i„
2125 3585 2246 3684 hujus

436 3710 648 3807 utriusque
674 3706 783 3806 plani
810 3706 1116 3809 inclinationem.
1176 3700 1416 3800 Triangulus
1454 3724 1551 3801 ergo
1577 3705 1833 3802 sphaericus,
1868 3708 1940 3804 qui
1975 3709 2249 3786 intersectione

434 3837 674 3914 circulorum
690 3834 886 3932 majorum
908 3833 961 3910 ad
981 3833 1077 3912 haec
1092 3829 1174 3909 tria
1189 3831 1309 3933 plana
1321 3828 1605 3929 pertinentium
1626 3831 1786 3925 oritur,
1809 3834 1971 3934 praebet
2002 3858 2045 3923 a,
2060 3844 2100 3910 et
2126 3838 2154 3929 ι’,
2173 3859 2250 3937 per

435 3987 489 4050 a,
505 3974 546 4040 et
564 3963 622 4057 i„;
646 3960 814 4037 scilicet:
1023 3953 1034 3963 ’

534 4144 611 4219 ain.
623 4145 651 4230 i,
668 4146 745 4218 sin.
761 4141 816 4242 (a,
835 4185 881 4206 -
901 4142 950 4243 Ν)
977 4169 1020 4214 =
1045 4140 1125 4219 sin.
1137 4145 1175 4240 i„
1195 4144 1274 4218 sin.
1287 4139 1353 4238 (a,
1370 4175 1422 4199 ·-
1440 4141 1514 4239 Ν),

533 4268 647 4352 nni,
667 4292 740 4343 cos.
758 4267 812 4367 (a,
833 4312 884 4331 -
900 4270 948 4369 Ν)
975 4293 1022 4339 =
1037 4261 1299 4368 ''coaqnal
1325 4270 1371 4363 -Ι-
1395 4267 1521 4366 stat,
1539 4266 1649 4343 eos.I
1672 4291 1748 4344 cos.
1763 4266 1830 4367 ia„
1850 4306 1895 4329 -
1920 4269 1990 4367 Ν),

834 4396 948 4505 coni,
970 4418 1019 4499 :a
1042 4395 1167 4481 cosa„
1183 4391 1290 4469 coal
1314 4433 1361 4452 -
1384 4394 1513 4482 sini,
1532 4392 1641 4469 sind
1663 4394 1813 4490 ccs.(n„
1835 4432 1883 4456 -
1907 4394 1966 4493 Ν).

485 4575 542 4654 Ut
562 4599 656 4675 ergo
684 4600 730 4652 ex
756 4576 954 4653 elementis
979 4599 1022 4661 n,
1041 4584 1081 4650 ct
1101 4577 1152 4670 i„
1178 4575 1458 4673 quaeratione
1486 4576 1688 4676 eclipticas
1719 4575 1820 4650 mae
1841 4576 1935 4651 anni
1956 4579 2052 4658 1750
2080 4580 2241 4662 delinita

437 4713 545 4797 sunt,
564 4705 809 4781 nanciscitur
822 4699 1106 4802 longitudinem
1117 4700 1384 4777 adscendentis
1399 4699 1495 4776 nodi
1507 4702 1615 4802 plani
1633 4701 1769 4777 annuli
1784 4701 1826 4776 in
1841 4704 2027 4779 variabili
2042 4708 2243 4808 eonpuoae

435 4829 552 4927 plano
576 4859 620 4900 =
642 4856 674 4904 n
692 4842 731 4906 et
749 4834 958 4929 utriusque
975 4826 1095 4924 hujns
1115 4829 1224 4925 plani
1256 4827 1548 4904 inclinationem
1561 4829 1680 4907 ‚inter
1704 4849 1745 4900 se
1765 4852 1812 4898 =
1827 4829 1863 4917 ἐς
1888 4831 1999 4928 ponit
2013 4831 2100 4909 loeo
2115 4836 2239 4937 longi·

436 4950 584 5025 tudinis
604 4954 698 5028 nodi
720 4953 986 5031 adscendentis
1005 4961 1044 5027 ct
1068 4951 1331 5030 inclinationis
1360 4955 1481 5054 hujus
1508 4951 1616 5053 plani
1643 4951 1845 5028 temanitis
1872 4955 2072 5054 eclipticas
2096 4957 2140 5032 in
2163 4958 2241 5035 lixa

437 5073 616 5172 ecliptica
630 5078 722 5182 anni
744 5078 858 5167 1750,
883 5079 994 5179 signa
1022 5080 1169 5155 usitata
1193 5080 1246 5154 ad
1271 5081 1372 5155 hanc
1404 5104 1488 5155 rem
1523 5092 1556 5158 Π
1573 5087 1613 5152 ct
1628 5106 1671 5169 r,
1695 5088 1742 5153 ut
1768 5101 1816 5156 eo
1830 5079 1928 5157 ‘loco
1956 5080 2241 5159 intersectionis

434 5190 643 5278 distantiae
664 5205 887 5315 aequatoris
910 5204 1037 5286 lineae
1065 5205 1242 5306 fixaeque
1267 5204 1468 5307 eclipticas
1492 5202 1720 5297 anatum,
1742 5202 1868 5283 lineae
1901 5205 2240 5308 aequinoctiorum
