4970 6164
951 572 1259 646 ...2221-

214 767 437 842 nationibus
468 768 696 857 obstabant,
722 791 746 838 e
765 765 896 838 aredio
924 768 1039 866 plane
1054 764 1231 839 sublatae
1256 772 1348 839 sunt
1371 762 1625 862 explicatione
1652 761 1841 839 Occursu
1865 774 1943 838 tam
1965 766 2026 840 in-

210 895 379 991 geniosa.
533 903 535 907 ’

260 1019 374 1092 lllam
399 1019 528 1095 adhuc
549 1019 745 1097 emensa
770 1040 912 1117 capere
925 1018 1068 1094 licebat
1086 1019 1344 1116 voluptatem,
1370 1024 1417 1088 ut
1436 1014 1681 1104 Hmnmcm,
1706 1016 1776 1111 qui
1793 1015 2019 1092 Scandrmo

211 1144 328 1217 toties
353 1145 672 1218 observationum
704 1167 830 1218 eomes
860 1145 1024 1236 fumat,
1057 1155 1177 1240 atque
1207 1141 1423 1241 particeps,
1462 1139 1586 1234 magis
1615 1139 1815 1236 magisque
1850 1140 1899 1213 de
1928 1164 2020 1214 suae

209 1267 480 1366 explicationis
511 1267 676 1340 veritate
702 1266 982 1365 persuaderem
1015 1289 1254 1365 quamquam
1289 1260 1398 1362 apud
1428 1260 1687 1338 Scuadrunuu
1714 1263 1883 1337 amicum
1905 1288 2019 1341 snum

94 1436 98 1443 ·
207 1393 469 1467 immortalem
488 1415 686 1490 nunquam
705 1394 815 1471 ‚idem
840 1393 968 1467 valuit
983 1394 1135 1468 effioere
1162 1391 1228 1491 (1).

255 1520 415 1594 Nullum
425 1541 520 1615 ergo
535 1518 722 1609 dubium,
746 1530 796 1593 ut
809 1519 997 1609 diximuS,
1022 1529 1162 1593 contra
1173 1517 1310 1592 annuli
1329 1514 1566 1590 rotationem
1586 1514 1722 1591 afferri
1729 1528 1872 1614 potest3
1897 1544 2019 1617 quum

204 1647 309 1719 enim
341 1646 384 1718 in
417 1666 550 1718 rernm
575 1646 828 1720 universitate
859 1644 1016 1718 caedem
1045 1644 1123 1718 sint
1164 1655 1329 1718 naturae
1361 1642 1486 1739 leges,
1518 1664 1668 1715 necesse
1696 1652 1783 1731 cst,
1812 1655 1858 1717 ut
1886 1645 2021 1719 Satur·

205 1795 300 1862 nus,
325 1771 396 1868 qui
417 1769 457 1843 ri
478 1792 550 1842 sua
571 1774 796 1845 attrahente
813 1794 905 1845 snas
926 1771 1042 1845 lunas
1058 1770 1101 1844 in
1123 1792 1260 1843 earum
1276 1768 1420 1841 orbitis
1433 1777 1581 1859 teneat,
1606 1769 1721 1842 etiam
1746 1770 1789 1843 in
1807 1771 2017 1862 annulum,

207 1900 278 1996 qui
295 1908 405 1971 tanto
432 1895 598 1994 propior
628 1896 704 1993 ipsi
736 1900 833 1973 situs
860 1909 940 1987 est,
966 1896 1045 1970 rim
1070 1896 1329 1969 attrahentem
1351 1903 1541 1967 exerceat.
1584 1894 1696 1970 Nune
1723 1905 1852 1969 autem
1873 1919 2022 1995 ponere

206 2046 427 2124 possemus,
452 2023 486 2095 si
506 2022 698 2097 Saturnus
719 2025 762 2098 in
789 2026 875 2122 ipso
898 2024 1052 2120 figurae
1067 2032 1187 2117 atque
1215 2019 1426 2117 gravitatis
1445 2028 1580 2094 centro
1599 2022 1735 2095 annuli
1754 2033 1872 2115 esset,
1897 2047 2019 2098 anuu-

204 2152 287 2225 lum
307 2151 368 2223 vel
391 2148 554 2222 annulos
588 2172 766 2246 quoquc,
790 2173 912 2248 quum
940 2149 990 2221 ab
1013 2147 1194 2222 omnibus
1214 2146 1397 2242 partibus
1416 2146 1676 2242 aequabiliter
1697 2149 2016 2239 attraherentur,

196 2279 264 2352 ita
290 2297 497 2374 suspensos-
514 2276 621 2349 circa
643 2275 839 2373 planetam
867 2276 1078 2348 consistere
1097 2295 1223 2372 posse.
1268 2271 1321 2344 lt
1353 2271 1420 2345 hic
1446 2296 1604 2370 quoqne
1636 2274 1753 2347 sinrul
1774 2276 2019 2350 animadver-

206 2404 367 2478 tendum
387 2412 468 2492 est,
493 2402 624 2499 quod,
650 2401 842 2498 siquidem
867 2400 1037 2474 annulus
1057 2421 1201 2498 parum
1223 2418 1296 2493 per
1324 2398 1442 2470 modo
1474 2398 1691 2472 discederet
1713 2422 1738 2473 a
1757 2401 1834 2474 situ
1857 2402 1928 2475 illo
1955 2426 2018 2475 ac·

206 2528 388 2626 quilibrii
411 2530 491 2618 sui,
527 2528 745 2601 necessario
772 2526 944 2599 annulus
960 2526 1175 2599 accelerato
1197 2532 1308 2596 motu
1328 2521 1371 2594 in
1391 2524 1519 2621 ipsum
1534 2524 1729 2621 planetam
1756 2527 2016 2618 funderetur,

205 2656 354 2752 qnippe
389 2652 549 2750 simplex
594 2652 892 2740 elementorum,
928 2673 950 2721 e
981 2650 1130 2746 quibus
1153 2648 1196 2721 hi
1220 2647 1358 2720 annuli
1388 2659 1590 2740 constant,
1627 2652 1803 2725 cohaesio
1831 2676 1911 2726 non
1940 2678 2020 2751 par

204 2780 342 2855 sitillis
376 2777 603 2855 retinendis.
661 2775 792 2850 Facile
819 2796 975 2872 quoque
1006 2783 1084 2864 est,
1121 2783 1168 2848 ut
1197 2773 1393 2869 elegibus
1426 2775 1775 2873 phaenomenisque
1799 2779 1842 2853 in
1870 2790 2015 2854 natura

204 2907 332 2983 obviis
351 2905 665 2992 dernonstretur,
697 2901 815 2974 talem
844 2901 1125 2975 immutabilem
1149 2901 1293 2989 eitum,
1330 2901 1372 2974 in
1397 2923 1476 2998 quo
1507 2903 1639 2999 ipsum
1669 2914 1716 2976 ut
1736 2905 2015 3000 aequilibrium

202 3043 374 3118 constet,
409 3053 489 3102 non
520 3029 782 3101 indesinenter
819 3026 949 3100 locum
981 3029 1126 3101 habere
1159 3048 1288 3124 posse,
1320 3026 1379 3098 ita
1409 3037 1457 3100 ut
1484 3029 1592 3102 haud
1622 3039 1807 3127 tanquam
1834 3033 2018 3131 possibile

202 3179 401 3232 assumere
432 3178 642 3251 quaeriue,
667 3154 738 3226 tali
760 3154 877 3226 modo
895 3154 1083 3227 annulum
1103 3153 1145 3225 in
1172 3151 1451 3248 sempiternum
1469 3153 1721 3229 fluctuantem
1742 3159 1868 3232 teneri
1892 3182 2014 3256 posse.

204 3283 336 3382 Quum
369 3294 500 3354 autem
530 3293 669 3356 contra
691 3281 861 3353 annulus
893 3280 954 3351 vel
988 3280 1122 3375 aliqua
1152 3280 1236 3375 ejus
1268 3279 1443 3375 partium
1481 3283 1716 3356 rotationem
1740 3284 1882 3357 habeat
1908 3286 2017 3359 circa

201 3432 334 3499 axem,
369 3408 439 3505 qui
466 3406 848 3508 perpendiculariter
874 3406 917 3482 in
940 3406 1025 3504 ejas
1046 3405 1164 3502 plano
1195 3413 1347 3478 erectus
1379 3404 1450 3495 sit,
1481 3414 1521 3477 et
1550 3429 1624 3503 por
1647 3408 1808 3483 Saturni
1837 3420 2015 3484 centrum

196 3544 398 3625 transeat,
422 3545 553 3608 tamen
575 3531 767 3621 annulus,
790 3540 831 3604 et
860 3540 957 3605 tunc
989 3553 1175 3627 quoque,
1212 3529 1375 3627 qnando
1399 3553 1479 3603 nou
1509 3543 1691 3608 aemnrate
1718 3534 1763 3607 in
1782 3537 1866 3632 rjus
1885 3536 2013 3610 medio

200 3662 400 3736 Saturnus
423 3668 499 3748 est,
531 3681 654 3754 aeque
686 3660 782 3731 bene
809 3666 974 3754 propter
1006 3657 1227 3730 institutam
1263 3656 1342 3728 vim
1372 3658 1629 3755 centrisugam
1659 3662 2012 3759 centripetamquc,

200 3787 401 3881 aequabili
433 3794 562 3883 potest
590 3784 668 3857 situ
696 3782 840 3871 teneri,
865 3782 973 3857 velut
1004 3782 1100 3855 luna
1135 3782 1179 3856 in
1209 3803 1281 3854 sua
1304 3783 1436 3856 orbita
1466 3783 1574 3859 cirea
1600 3809 1723 3861 unum
1756 3788 1817 3861 rel
1844 3788 2013 3861 alterum

199 3912 423 4011 planetam3
446 3910 632 4008 quoniam
664 3909 738 3982 hac
763 3908 917 3981 ratione
936 3910 1020 4003 ejus
1049 3908 1222 4006 partium
1250 3908 1426 4000 amenitas
1453 3930 1588 3984 uersus
1615 3912 1832 4010 planetam,
1858 3913 1897 3986 ri
1925 3935 2014 3987 cen·

200 4038 377 4133 triluga,
402 4059 447 4109 ex
471 4059 608 4110 earum
624 4036 822 4109 rotatione
842 4036 1026 4119 deducta,
1051 4036 1093 4109 in
1111 4032 1348 4130 aequilibrio
1369 4043 1541 4110 tenetur.
1587 4037 1651 4110 Ita
1670 4048 1716 4112 ut
1742 4038 1837 4111 haec
1862 4037 2010 4112 rotatio

197 4164 367 4239 maxime
393 4163 608 4236 necessaria
629 4163 680 4235 sit
710 4160 910 4253 habenda,
947 4172 993 4236 ut
1024 4161 1160 4236 anntnli
1181 4161 1223 4234 in
1245 4159 1431 4234 continuo
1458 4172 1663 4237 serventur
1684 4162 1943 4259 aequilibrio,
1969 4164 2011 4237 in

197 4311 282 4385 quo
301 4310 367 4361 eos
385 4290 644 4363 observamus.
693 4285 801 4363 Haec
820 4288 1082 4363 considerabo
1110 4286 1189 4361 alio
1220 4286 1351 4361 adhue
1379 4288 1633 4363 fundamento
1659 4288 1823 4377 nititur,
1849 4288 2012 4385 quando

196 4436 339 4512 nempe
383 4414 551 4488 annulus
578 4415 755 4513 quietus,
792 4436 839 4489 eo
872 4414 1061 4488 duntaxat
1091 4413 1134 4486 in
1161 4411 1403 4508 aequilibrio·
1440 4423 1661 4505 teneretur,
1693 4415 1804 4512 quod
1832 4417 1882 4489 ab
1903 4415 2009 4490 omni

193 4548 314 4638 parte
336 4539 454 4612 simul
471 4540 522 4614 ad
538 4552 715 4616 centrum
744 4541 996 4630 traheretur,
1017 4550 1146 4615 tamen
1164 4560 1342 4636 quaeque
1357 4561 1457 4635 pars
1473 4562 1552 4615 non
1581 4541 1699 4615 valde
1719 4543 1888 4616 tirmiter
1916 4565 2010 4619 cum

193 4662 323 4737 totius
353 4666 489 4738 annuli
517 4690 643 4742 massa
670 4668 899 4766 conjuncta,
934 4666 1149 4741 certissime
1175 4665 1217 4740 in
1243 4665 1455 4740 Saturnum
1488 4666 1666 4754 caderet,
1702 4668 1735 4740 si
1770 4678 1921 4746 tantum
1949 4669 2010 4766 ip·

191 4812 244 4869 aa
279 4790 363 4865 sola
393 4792 570 4867 omnium
600 4792 775 4893 partium
814 4793 994 4870 cohaesio
1038 4790 1265 4892 aequilibrii
1292 4812 1410 4867 cansa
1436 4802 1547 4871 esset.
1603 4792 1736 4894 Quum
1767 4804 1900 4870 antem
1926 4817 2011 4871 om·

244 5176 293 5268 (1)
317 5178 463 5252 Astra.
478 5179 632 5266 Narin,
654 5182 712 5255 ΝΟ.
732 5164 814 5257 att.
