4970 6164
1119 537 1522 631 w--188-⁴

462 756 598 834 annuli
617 777 781 845 ansam,
806 751 1151 830 obrotundationis
1180 750 1341 848 speeiem
1363 749 1546 825 referens.
1596 745 1724 831 Porro
1750 746 1881 822 adhue
1899 747 2164 845 distinguebat
2185 772 2268 825 oer-

462 895 548 958 tum
586 880 789 956 subtilium
819 881 1012 979 linearum
1040 898 1267 969 numerum,
1298 887 1338 952 et
1365 877 1448 951 fere
1469 876 1679 975 parallelae
1715 884 1827 949 erant
1855 873 2180 949 obrotundationi
2194 876 2269 949 xin·

461 1009 630 1100 anon,
655 1029 775 1104 quae,
801 1016 993 1102 quatenus
1023 1027 1062 1079 se
1081 1005 1123 1079 in
1153 1003 1290 1077 annuli
1325 1000 1567 1100 superficiem
1600 999 1873 1090 extenderent,
1895 1000 2077 1072 umbram
2106 999 2268 1075 interse-

459 1138 613 1212 oabant.
662 1134 748 1209 Hoc
769 1133 1059 1231 phaenomenon
1095 1127 1277 1227 inprimis
1301 1129 1502 1202 obtinebat
1525 1128 1568 1201 in
1586 1127 1722 1202 annuli
1751 1136 1865 1225 parte
1893 1125 2125 1200 oecidentali
2144 1126 2225 1200 sive
2242 1150 2268 1200 a

459 1274 574 1366 parte
592 1262 681 1336 tubi
698 1260 867 1334 sinistra.
914 1259 988 1334 Die
1010 1258 1059 1332 20
1077 1253 1175 1354 Meji
1196 1256 1245 1354 ej.
1262 1255 1355 1339 anni
1375 1252 1536 1331 subtiles
1565 1251 1654 1328 illas
1676 1252 1798 1327 lineas
1825 1272 1905 1325 non
1930 1250 2096 1348 amplius
2130 1250 2269 1355 distin-

460 1411 583 1491 gnere
606 1395 761 1486 poterat
782 1382 847 1483 (1).

506 1513 615 1589 Illud
650 1515 939 1612 phaenomenon
976 1509 1112 1584 Karna
1141 1528 1300 1606 quoque
1331 1503 1473 1582 vidisse
1504 1503 1685 1594 videtur,
1721 1498 1906 1601 quoniam
1943 1525 1988 1576 ex
2024 1526 2071 1577 eo
2104 1505 2263 1597 asserit,

460 1644 684 1742 adspectum
716 1637 938 1734 marginum
971 1634 1206 1708 interiorum
1233 1630 1435 1707 interioris
1464 1629 1600 1706 anntdi
1626 1629 1869 1721 adamasse,
1907 1638 1953 1703 ut
1986 1628 2166 1706 dubitari
2200 1657 2264 1709 ne·

459 1777 598 1871 queat,
621 1766 719 1863 quin
742 1766 821 1838 sint
845 1757 1114 1836 obrotundati.
1261 1804 1263 1809 ,

506 1893 564 1966 De
604 1890 838 1966 annulorum
873 1883 1201 1962 obrotundatione
1239 1900 1468 1981 persuasum
1498 1902 1655 1977 quoque
1690 1875 1766 1952 sibi
1793 1874 1961 1948 habebat
1996 1878 2154 1958 Linon
2184 1886 2265 1984 (2),

458 2041 581 2116 quum
602 2039 704 2089 anno
737 2016 833 2091 1838
864 2008 1175 2109 conjunctionem
1203 2029 1293 2081 eum
1321 2005 1402 2079 sole
1432 2005 1768 2103 appropinquaret
1795 2001 2003 2095 Saturnus,
2029 2007 2264 2106 planetaque

457 2143 646 2239 insignem
676 2139 718 2211 in
750 2135 979 2211 interiorem
1000 2132 1188 2206 annulum
1221 2132 1398 2207 umbram
1430 2133 1662 2231 projieeret‚
1695 2129 1854 2226 quando
1879 2127 1921 2201 in
1951 2129 2169 2204 refractore
2199 2133 2269 2217 ob,

458 2266 640 2341 seruabat
663 2284 804 2357 magna
825 2280 915 2332 eum
933 2253 1228 2354 perspicuitate,
1254 2257 1419 2330 umbrae
1442 2254 1753 2329 terminationem
1781 2275 1860 2326 non
1880 2251 1998 2325 talem
2013 2276 2113 2346 esse,
2138 2257 2267 2352 qualis
2292 2336 2308 2356 ¹

457 2411 541 2462 esse
560 2387 742 2474 deberet,
768 2381 802 2454 si
827 2379 963 2452 annuli
980 2377 1160 2474 planities
1178 2377 1338 2476 planum
1373 2380 1633 2477 adaequatum
1653 2377 1870 2453 formasset.
1917 2376 2041 2450 Valde
2061 2380 2267 2477 insigniter

456 2510 686 2590 flectebatur
703 2507 845 2580 umbra
862 2503 913 2575 ud
932 2502 1107 2576 internos
1134 2510 1390 2601 externosque
1419 2502 1615 2599 margines
1636 2503 1870 2600 peribatque
1891 2504 1933 2577 in
1965 2505 2103 2578 annuli
2132 2507 2267 2585 obseu-

455 2660 504 2713 ra
521 2633 800 2710 terminatione.

504 2761 676 2837 Multum
698 2780 769 2832 nos
798 2753 940 2828 dooere
961 2763 1089 2851 posset
1119 2755 1298 2852 planetae
1324 2751 1366 2825 in
1393 2752 1539 2827 annulo
1567 2756 1731 2843 umbra,
1757 2756 1865 2851 quod
1891 2750 1943 2824 ad
1962 2751 2097 2825 annuli
2127 2774 2264 2849 super·

456 2889 558 2962 lieiei
577 2887 755 2959 formam.
806 2875 909 2976 Quia
927 2899 1022 2952 vero
1042 2879 1175 2953 inillis
1190 2879 1365 2971 casibus,
1390 2888 1438 2951 ut
1461 2876 1691 2950 dimensioni
1709 2877 1850 2951 idonea
1864 2878 1918 2950 sit
1939 2879 2100 2967 umbra,
2122 2898 2164 2949 se
2185 2898 2268 2950 nou

455 3013 508 3086 ad
540 3019 743 3084 externum
770 3001 958 3076 annulum
985 3002 1174 3091 extendit3
1199 3001 1356 3076 difficile
1388 3001 1489 3090 erit,
1522 3011 1633 3076 uteo
1660 3003 1826 3077 ulterius
1849 3002 1962 3076 nobis
1997 3000 2155 3095 cognita
2188 3000 2267 3077 luit

453 3134 619 3236 planitie
640 3125 790 3205 externi
816 3123 953 3198 annuli
968 3124 1107 3200 forma.
1157 3122 1327 3223 Propter
1355 3124 1516 3198 Saturni
1539 3136 1658 3223 atque
1680 3138 1811 3201 terrae
1841 3128 1933 3201 solis
1956 3124 2110 3198 ratione
2130 3123 2265 3197 habita

455 3262 596 3347 situm,
620 3274 772 3351 semper
793 3259 947 3323 tantum
970 3273 1131 3345 parram
1162 3253 1325 3324 umbrae
1344 3260 1496 3349 partem
1527 3251 1725 3342 videmus,
1751 3275 1876 3348 quam
1906 3253 1949 3325 in
1972 3248 2162 3323 annulum
2183 3251 2265 3347 pla·

454 3394 545 3460 neta
563 3379 746 3479 projicit,
771 3377 879 3452 relut
904 3375 1095 3448 maculam
1124 3374 1185 3449 vel
1211 3376 1373 3450 ductum
1404 3377 1614 3449 obscurum
1649 3374 1915 3449 adorientem
1943 3373 2006 3450 rel
2027 3374 2264 3463 oeeidentem

455 3509 652 3610 planetae,
676 3504 771 3579 dum
794 3498 961 3574 maxima
980 3498 1143 3573 umbrae
1159 3520 1252 3595 pers
1272 3498 1314 3574 in
1333 3520 1512 3575 aversum
1534 3496 1729 3594 planetam
1750 3499 1869 3575 eadit.

1297 3691 1333 3796 s.
1381 3694 1418 3768 a.

503 3896 595 3974 dam
619 3893 771 3992 pridem
809 3893 1091 3968 observabatur
1118 3890 1159 3965 iu
1191 3888 1427 3990 disparendo
1453 3888 1641 3965 annulum
1684 3889 1735 3964 ab
1771 3888 1897 3964 altero
1928 3890 2106 3987 planetae
2142 3890 2266 3967 latere

455 4023 581 4100 multo
616 4018 763 4108 serius,
788 4042 905 4115 qnam
939 4020 990 4092 ab
1017 4017 1142 4092 altero
1167 4016 1294 4091 latere
1323 4017 1543 4114 disparare,
1567 4013 1673 4087 etin
1700 4012 1969 4112 reappareudo
1997 4017 2110 4113 prius
2137 4018 2266 4094 rideri

456 4171 581 4251 posse.
628 4141 745 4242 Quod
765 4144 882 4218 etiam
900 4140 1091 4218 csssrnuu
1113 4139 1165 4241 (3)
1188 4164 1267 4216 non
1288 4142 1458 4239 fugerat.

507 4274 625 4369 Saepe
657 4267 831 4342 ridemus
858 4288 970 4339 ansas
998 4266 1198 4343 breviores
1224 4265 1313 4341 lieri
1341 4264 1565 4364 partimque
1592 4260 1808 4337 invisibiles
1839 4260 2064 4360 partimque
2093 4264 2265 4341 risibiles

439 4390 789 4497 .1aaqueaplaneta
810 4412 1002 4488 separare.

504 4522 568 4599 Sia
594 4514 706 4594 verbi
720 4536 838 4589 eausa
854 4514 1038 4591 Manlum
1061 4511 1113 4614 (l)
1143 4513 1236 4591 iude
1254 4538 1279 4590 a
1303 4512 1368 4588 die
1387 4512 1438 4590 25
1457 4507 1695 4609 Septembris
1722 4508 1864 4589 mensis
1885 4530 2010 4607 usque
2027 4508 2082 4589 ad
2102 4515 2153 4592 38
2170 4515 2264 4593 mni

453 4741 675 4777 ffl-

501 4872 550 4960 (1)
574 4868 674 4938 Aatr.
703 4858 835 4930 doctr.
865 4856 925 4930 Νσ.
953 4863 1032 4928 338.
1085 4859 1253 4930 ΒίόἰίοίΙι.
1286 4859 1448 4937 Uatiam.
1478 4853 1538 4931 N0.
1558 4862 1613 4930 24.
1653 4858 1732 4930 lleo.
1764 4860 1862 4929 1837.
1892 4881 1966 4952 pag.
1985 4860 2063 4932 tot.
2179 4894 2187 4907 ·

500 4980 551 5070 (2)
574 4967 1251 5062 11111.ᾰονῐσηιξιλωνηωανωὸοε
1268 4971 1442 5043 Mencken
1453 5020 1463 5052 ,
1477 4972 1548 5061 sur
1567 4971 1666 5039 1839.
1692 4990 1768 5061 pag.
1788 4970 1867 5041 220.

500 5092 551 5290 53
575 5079 1043 5283 Ein?2·PEo{d.5rwate
1060 5190 1121 5261 der
1141 5190 1323 5275 Seianam,
1346 5193 1447 5263 tunde
1468 5186 1660 5267 luccat.
1682 5188 1756 5285 pag.
1780 5188 1835 5261 12.
