5032 6170
1259 552 1550 636 ...83-

829 757 891 859 17)
941 753 1037 833 1803
1059 750 1148 830 dan.
1255 751 1356 842 ab*
1402 751 1527 828 Terra
1547 746 1751 841 annualis,

829 884 891 982 18)
1061 874 1175 954 «lunii
1232 876 1355 968 lar*
1410 877 1478 954 Sol
1623 904 1640 950 s

831 1004 892 1105 19)
944 1003 1041 1084 1833
1065 996 1181 1105 April
1228 1003 1378 1096 2t'u37'*
1407 998 1535 1080 Terra
1553 996 1747 1090 borealis,

826 1135 889 1232 20)
1058 1129 1172 1206 Junii
1229 1130 1378 1223 13‚37**
1474 1160 1491 1206 r
1616 1156 1633 1202 s

537 1315 600 1390 nd
637 1315 709 1390 has
736 1314 1026 1392 observationes
1053 1312 1336 1391 animadvertit
1366 1312 1536 1404 Bassai,
1568 1321 1637 1404 ut,
1672 1309 1860 1409 quoniam
1899 1305 2131 1386 observator
2163 1317 2316 1406 tempus

491 1440 763 1541 disparitionis
796 1442 857 1515 vel
887 1441 1194 1540 reapparitionis
1225 1439 1362 1515 annuli
1395 1438 1559 1515 Saturni
1593 1459 1674 1513 non
1704 1435 1840 1515 stricte
1868 1444 1997 1534 potest
2026 1433 2211 1525 definire,
2248 1433 2315 1507 sad

487 1564 761 1643 tantummodo
788 1564 892 1641 diem
929 1566 1083 1657 didere,
1108 1589 1327 1664 quaeum,
1352 1568 1396 1643 in
1425 1566 1558 1666 primo
1589 1586 1705 1654 casu,
1728 1585 1808 1638 non
1841 1561 2010 1660 amplius
2039 1570 2080 1634 et
2106 1560 2149 1633 in
2175 1559 2315 1633 ultimo

485 1716 580 1768 uasa
599 1688 779 1768 nondum
799 1692 933 1766 ridere
951 1701 1100 1791 potest,
1124 1691 1230 1766 hisee
1250 1671 1589 1767 observatibnibus
1609 1684 1904 1789 hujuscemodi,
1927 1682 2200 1761 tantummodo
2233 1686 2313 1758 duo

488 1820 632 1893 limites
652 1818 913 1908 deliniantur,
943 1816 1049 1892 inter
1071 1836 1170 1913 quos
1186 1826 1342 1917 tempus
1363 1817 1637 1918 disparitionis
1653 1815 1720 1890 rel
1739 1812 2045 1914 reapparitionis
2072 1811 2313 1909 interjaeeat.

486 1943 600 2019 Unus
621 1945 764 2018 horum
787 1941 959 2017 limitum
989 1954 1086 2017 tunc
1109 1941 1236 2018 solum
1269 1954 1318 2018 ut
1342 1941 1613 2042 disparitionis
1645 1938 1996 2043 reapparitionisre
2026 1938 2312 2039 approximatio

488 2067 677 2168 temporis
700 2064 944 2144 considerari
972 2063 1139 2169 poterit,
1165 2064 1324 2167 quande
1355 2088 1481 2168 prope
1506 2088 1547 2143 se
1574 2066 1737 2145 invicem
1774 2062 1979 2153 incidunt3
2013 2063 2122 2161 quod
2157 2074 2312 2141 tantum

485 2192 619 2271 locum
660 2195 808 2269 habere
836 2203 987 2294 potest,
1021 2194 1235 2269 sinulium
1277 2195 1508 2269 observator
1550 2196 1835 2295 praetermittit
1867 2192 1972 2267 diem
2014 2189 2310 2290 adjuraturque

484 2322 589 2395 airis
607 2318 844 2396 conditione.
894 2320 957 2395 Ad
978 2329 1059 2395 tres
1087 2343 1184 2418 ergo
1217 2320 1357 2394 classes
1382 2321 1673 2403 observationes
1696 2322 1842 2396 refert:

534 2452 582 2522 1⁰.
608 2444 777 2543 Quando
804 2444 1076 2543 disparitionis
1104 2447 1456 2546 reapparitibnisve
1484 2455 1641 2544 tempus
1672 2445 1865 2521 duntaxat
1894 2445 2131 2545 generaliter
2161 2453 2201 2520 et
2232 2466 2311 2519 non

486 2572 673 2647 definitus
692 2572 799 2662 dies,
823 2595 904 2669 quo
933 2573 995 2646 rel
1018 2573 1226 2648 oessaverit
1248 2572 1309 2647 vel
1338 2571 1512 2670 eoeperit
1547 2572 1633 2669 ejus
1666 2572 1896 2663 visibilitas,
1921 2572 2012 2646 dari
2027 2580 2177 2669 potest3
2202 2570 2310 2670 quod

486 2698 625 2772 datum
646 2706 741 2772 tunc
758 2697 969 2796 utriusque
988 2697 1125 2772 limitis
1144 2720 1298 2796 expers,
1323 2697 1473 2773 nuditus
1489 2707 1716 2796 potestesse
1733 2698 1931 2773 utilitatis.

534 2828 581 2899 2⁰.
616 2822 786 2924 Quando
809 2846 911 2898 unus
944 2824 1073 2899 solum
1101 2824 1279 2898 traditur
1309 2824 1444 2913 limes,
1470 2823 1532 2899 vel
1560 2824 1753 2898 secundus
1784 2848 1864 2899 non
1887 2819 2001 2896 valde
2036 2840 2160 2921 pmpe
2180 2825 2312 2923 primo

477 2951 611 3049 jacet,
636 2970 718 3046 quo
738 2947 1017 3048 disperationis
1040 2959 1111 3024 aut
1130 2951 1435 3049 reapparitionis
1451 2960 1606 3050 tempus
1624 2972 1704 3024 non
1722 2952 1895 3048 perfecte
1911 2945 2071 3022 definiri
2084 2960 2222 3045 potest.
2270 3004 2274 3013 -

534 3079 582 3152 3⁰.
616 3072 785 3173 Quando
806 3075 962 3151 tandem
985 3086 1155 3175 uterque
1178 3077 1356 3154 traditur
1378 3079 1504 3153 limes.
1573 3108 1576 3115 ¹

535 3202 666 3299 Quum
686 3198 731 3274 id
760 3200 1074 3292 bonsideramus,
1101 3203 1196 3278 data
1222 3205 1293 3279 illa
1320 3226 1421 3302 quae
1446 3198 1499 3276 ad
1516 3222 1676 3276 manum
1701 3212 1816 3293 sunt,
1841 3199 2146 3298 disparitionum
2170 3225 2306 3303 nempe

485 3327 903 3427 reapparitionumque
927 3324 1138 3424 diligenter
1171 3329 1215 3403 in
1245 3328 1384 3403 classes
1416 3326 1571 3425 redegit
1595 3326 1817 3419 bassanus,
1855 3325 2083 3426 designans,
2119 3341 2310 3429 utsupra

486 3454 680 3545 uidimus,
707 3454 823 3527 unico
843 3452 970 3526 limite
989 3452 1269 3529 determinatam
1285 3471 1358 3552 per
1378 3453 1399 3494 ⁴*
1420 3462 1461 3527 et
1482 3451 1638 3526 duobus
1657 3452 1851 3527 limitibus
1864 3450 2142 3530 determinatas
2161 3480 2233 3554 per
2252 3459 2289 3496 *¹*
2298 3511 2311 3548 ,

486 3582 545 3655 ita
571 3591 619 3654 ut
641 3580 817 3677 quinque
843 3575 895 3651 ad
916 3579 1089 3676 primum
1111 3579 1413 3678 quindecimque
1436 3577 1488 3651 ad
1521 3577 1707 3652 ultImum
1732 3600 1853 3674 genus
1872 3574 2105 3677 pertineant.
2154 3576 2310 3657 Funda-

486 3715 640 3794 menta,
664 3725 765 3801 quae
779 3697 831 3774 ad
854 3699 929 3774 hoc
948 3723 1038 3775 eum
1057 3699 1240 3795 ducunt,
1257 3701 1436 3779 ridemus
1461 3699 1504 3776 in
1534 3697 1620 3800 ejus
1644 3711 1817 3777 tractatu
1846 3703 2163 3781 observationum
2185 3708 2308 3782 dieta-

486 3850 578 3902 rum
612 3827 654 3902 in
684 3846 806 3925 supra
829 3826 1054 3900 memoratis
1082 3826 1411 3905 Astraatomtsebe
1438 3826 1738 3922 It'aaltrielttea,
1771 3849 1858 3928 pap
1882 3829 2110 3907 rsa-164.
2140 3840 2181 3904 et
2209 3831 2309 3906 Gatt-

486 3951 701 4025 muratae
719 3949 791 4023 des
808 3958 909 4023 tems
924 3973 1038 4047 puur
1055 3952 1141 4027 l'ua
1167 3954 1287 4044 1838,
1309 3974 1398 4050 pag.
1416 3951 1466 4029 35
1483 3992 1530 4006 -
1543 3953 1603 4027 40.

535 4074 811 4173 Habemusque
843 4096 938 4172 ergo
963 4077 1103 4174 viginti
1131 4077 1421 4153 observationes
1453 4062 1756 4175 disparitionum
1789 4079 2214 4177 reapparationumque
2243 4103 2310 4155 an·

489 4197 600 4288 nuli,
633 4222 733 4298 quae
763 4201 955 4297 originem
982 4201 1152 4296 habent,
1185 4203 1333 4303 partim
1364 4200 1406 4276 in
1438 4202 1672 4276 transitibus
1704 4198 1797 4276 solis
1828 4205 2053 4302 partimque
2077 4206 2309 4281 transitibus

488 4335 620 4399 terrae
658 4346 731 4422 per
763 4327 899 4400 annuli
932 4323 1114 4424 planum3
1139 4329 1248 4427 qtrod
1265 4329 1381 4425 juxta
1407 4344 1472 4402 eas
1501 4327 1673 4427 positum
1700 4337 1783 4417 est,
1820 4329 1891 4426 qui
1921 4329 2113 4404 transitus
2143 4333 2228 4430 ejus
2245 4335 2307 4408 rei

489 4459 550 4523 est
579 4469 720 4540 eausa,
756 4460 796 4525 et
829 4451 939 4548 quod
969 4454 1021 4530 ab
1052 4466 1223 4555 ‘utruque
1264 4453 1414 4547 latere,
1452 4454 1515 4529 vel
1544 4451 1695 4530 boreali
1727 4453 1790 4529 rel
1816 4453 1983 4530 australi
2014 4453 2213 4554 disparuit
2245 4461 2308 4534 vel

490 4573 734 4672 reapparuit.

539 4693 731 4772 assumsit
752 4717 876 4798 porro
893 4689 1039 4776 bassan
1061 4692 1332 4800 disparitiouis
1350 4694 1412 4777 rel
1427 4698 1733 4806 reapparitionis
1749 4690 1885 4778 annuli
1907 4708 2061 4802 tempus
2078 4698 2150 4779 tali
2166 4706 2310 4823 modo,

492 4816 786 4918 disparitionem
806 4845 890 4897 aaa
907 4830 1020 4919 post,
1042 4829 1162 4920 atqua
1193 4824 1524 4926 reapparitionem
1555 4852 1640 4903 aaa
1663 4822 1762 4903 aute
1789 4835 1966 4924 tempus,
1991 4853 2070 4927 quo
2086 4850 2226 4905 revera
2248 4829 2308 4904 vi·

494 4944 638 5020 deatur
660 4947 852 5039 analdus,
877 4947 935 5022 ita
962 4957 1009 5021 ut
1036 4957 1186 5025 eonstet
1213 4961 1362 5028 terram
1391 4962 1432 5029 et
1458 4951 1578 5030 solem
1600 4973 1840 5051 unoquoque
1859 4954 2044 5029 datorum
2063 4963 2308 5055 temporum,

493 5069 548 5145 ad
576 5068 676 5144 idem
706 5072 812 5148 latus
842 5073 978 5149 annuli
1009 5072 1180 5167 stetisse,
1213 5070 1334 5175 idque
1358 5077 1410 5153 ad
1439 5078 1541 5156 illud
1572 5081 1699 5171 latus,
1733 5079 1841 5177 quod
1864 5080 1982 5177 Juxta
2020 5102 2142 5179 supra
2167 5081 2310 5179 positis

493 5193 595 5270 datis
614 5194 858 5300 adscriptum
875 5210 944 5276 est
994 5199 1161 5301 Quando
1182 5223 1279 5302 ergo
1304 5204 1441 5283 annuli
1455 5206 1685 5285 constitutio
1705 5203 1931 5302 hujusmodi
1950 5215 2028 5302 est,
2052 5217 2099 5283 ut
2119 5224 2240 5306 supra
2256 5229 2311 5282 aa
