4970 6164
954 536 1275 617 *ili-v

773 724 950 821 (lilim
974 756 1020 801 =
1044 723 1177 811 lolw‘
1190 729 1280 820 3⁰3

209 909 312 990 qnae
333 907 426 969 cum
443 892 584 961 mentu
603 904 652 961 m
670 879 809 959 Pmcu
829 882 1026 959 convenit.

1065 1100 1099 1202 5.
1135 1105 1174 1182 6.

257 1299 367 1387 Nunc
385 1298 517 1400 primo
534 1297 759 1391 videamus,
779 1296 881 1396 quid
903 1298 1191 1374 observationes
1212 1299 1287 1375 bac
1308 1298 1357 1374 de
1377 1321 1424 1374 rc
1440 1322 1512 1378 nos
1529 1298 1711 1374 doceant.

257 1422 463 1512 Pluribus,
487 1424 606 1499 unius
625 1447 671 1499 er
688 1423 853 1499 mamma
883 1422 1002 1498 claris
1028 1424 1253 1523 optimeque
1281 1426 1496 1501 observatis
1525 1423 1706 1525 punctis,
1739 1420 2021 1496 observationi·¹

210 1553 285 1627 bus
301 1550 409 1625 inter
424 1573 465 1625 se
484 1549 777 1650 comparandis,
804 1547 919 1647 (quaa
935 1549 1225 1625 observationes
1242 1551 1568 1641 instituebantur,
1591 1571 1715 1648 quum
1730 1546 1897 1621 annulus
1916 1570 2021 1623 auno

210 1676 305 1755 1789
324 1676 367 1751 in
384 1699 432 1753 eo
452 1687 550 1751 esset
570 1677 679 1769 loco,
702 1686 749 1751 ut
769 1675 1012 1773 dispareret,
1036 1698 1155 1774 seque
1173 1686 1327 1753 tantum
1349 1687 1396 1752 ut
1418 1676 1561 1751 subtile
1578 1673 1739 1747 luminis
1762 1671 1874 1747 filum
1891 1683 2017 1747 osten·

206 1800 354 1900 daret,)
384 1801 543 1877 videbat
570 1802 784 1879 Husscusu
808 1798 863 1899 (l)
888 1801 965 1877 boc
992 1811 1209 1901 punctum,
1231 1813 1409 1903 tempore
1435 1791 1498 1878 10¹¹
1518 1803 1577 1878 32'
1601 1802 1708 1894 15⁰‚t
1731 1799 1837 1874 circa
1860 1798 2022 1873 Saturni

208 1936 387 2002 centrum
409 1927 584 2006 moverit
614 1937 735 2025 atque
758 1949 804 2000 ex
839 1925 910 2000 illa
938 1926 1105 2026 periodo
1127 1930 1214 2025 eius
1243 1930 1297 2005 ad
1325 1927 1486 2004 Saturni
1516 1934 1695 2001 centrum
1720 1924 1945 1999 distantiam
1963 1946 2021 1999 se·

210 2051 384 2129 otundurn
417 2053 575 2127 tertiam
602 2051 781 2129 unum
810 2052 935 2151 legem
965 2062 1217 2151 computans,
1246 2055 1544 2130 nanciscebatur
1563 2061 1611 2125 ut
1636 2060 1816 2126 eventum
1848 2052 2021 2141 17“‚227;

211 2195 313 2271 quae
337 2176 526 2251 distantia
557 2177 599 2251 iu
631 2176 820 2250 annulum
847 2174 981 2262 cadit;
1010 2177 1119 2252 unde
1145 2175 1431 2264 concludebat,
1466 2173 1654 2247 annulum
1682 2195 1783 2264 esse,
1813 2172 1881 2270 qui
1916 2172 2025 2246 bunc

211 2300 450 2375 rotatcrium
470 2312 621 2377 motum
641 2300 872 2399 perficeret,
894 2323 1023 2397 neque
1037 2324 1151 2400 posse
1165 2310 1346 2376 octavum
1369 2319 1452 2372 esse
1478 2297 1706 2385 satellitem3
1730 2296 1807 2369 nisi
1828 2296 2018 2369 anuttlum

211 2423 307 2500 satis
331 2423 498 2497 liuidum
515 2446 728 2521 ponumuS,
750 2427 821 2523 qui
845 2427 990 2500 sineret
1013 2424 1218 2499 satellitem
1245 2421 1414 2517 aliquem
1433 2420 1476 2494 in
1505 2420 1581 2494 hcc
1597 2419 1720 2494 lluido
1746 2420 2024 2508 circumvolvi,

153 2574 158 2579 ·
213 2548 277 2624 vel
307 2559 354 2623 ut
380 2549 581 2637 fissuram,
615 2549 768 2626 sulcum
796 2553 859 2629 vel
890 2552 1121 2630 divisionem
1157 2550 1203 2626 in
1235 2546 1381 2625 annulo
1409 2568 1696 2645 supponamus,
1726 2568 1799 2645 per
1817 2568 1934 2643 quam
1955 2544 2025 2618 ille

209 2684 338 2774 posset
363 2675 515 2747 satelles
537 2675 724 2751 transire.
874 2700 879 2711 ·

259 2799 450 2875 Neutrum
466 2799 637 2890 horum,
659 2803 871 2880 secundnm
891 2804 1177 2881 nnscssucn
1195 2798 1323 2875 locum
1345 2799 1492 2874 habere
1512 2807 1681 2898 poterut.

260 2923 449 2999 Fluidum
463 2924 624 3023 aliquod
635 2929 823 3002 annulum
842 2953 922 3004 esse
932 2949 1088 3006 censere
1105 2925 1262 3001 omnino
1282 2949 1361 3000 non
1377 2927 1529 3025 potuit;
1552 2934 1709 3009 contra,
1733 2946 1826 2998 suae
1845 2945 1935 2998 eum
1954 2925 2023 2998 cb·

214 3048 450 3124 structiones
468 3050 677 3140 docebant,
700 3053 785 3149 ejus
815 3050 1101 3128 consistentiam
1138 3071 1219 3123 uon
1241 3050 1432 3124 minorem
1455 3074 1574 3147 quam
1595 3051 1718 3150 ipsius
1740 3047 1922 3146 planetae
1937 3070 2025 3121 cor·

213 3169 327 3269 poris
341 3193 422 3246 esse
440 3196 570 3270 posse;
595 3177 651 3249 ita
678 3186 721 3250 ut
747 3175 902 3250 nullum
927 3176 1043 3253 nunti
1065 3177 1234 3273 gradum
1253 3174 1434 3272 cogitare
1458 3184 1612 3273 posset,
1645 3173 1717 3272 qui
1739 3196 1889 3273 corpus
1912 3171 2021 3273 quod

150 3354 152 3359 ι
214 3296 540 3375 circumvolvitur
557 3301 599 3375 in
618 3310 771 3399 tempus
792 3301 905 3375 valde
924 3303 1157 3378 diuturnum
1175 3303 1318 3378 mobile
1339 3303 1467 3377 facere
1485 3310 1629 3401 posset.

264 3420 446 3498 Fortasse
461 3427 670 3500 transitum
696 3425 766 3501 tali
782 3427 941 3530 satelliti
957 3429 1088 3505 sulcus
1099 3428 1287 3527 praebere
1308 3437 1454 3526 posset,
1479 3449 1604 3524 eoque
1618 3426 1763 3524 magis,
1787 3445 1910 3523 quum
1929 3421 2025 3497 talis

216 3549 360 3647 aliquis
384 3549 544 3641 existat,
575 3553 646 3648 qui
675 3552 719 3626 in
746 3552 846 3626 duas
870 3564 1001 3651 partes
1032 3555 1185 3630 dividat
1220 3553 1434 3641 annulum
1466 3551 1654 3651 quodque
1679 3551 1775 3628 huic
1809 3550 2026 3625 sentcntiae

217 3674 349 3753 adbuc
364 3676 486 3774 magis
507 3678 640 3751 favere
662 3676 892 3771 videbatur,
916 3680 1019 3755 illud
1034 3693 1139 3774 erat,
1162 3679 1272 3779 quod
1300 3679 1343 3754 in
1361 3678 1559 3753 nonnullis
1589 3677 1948 3773 observationibus,
1971 3677 2023 3751 ab

218 3808 388 3898 utraque
414 3801 549 3875 annuli
572 3812 706 3899 parte,
737 3813 927 3901 punctum
953 3804 1104 3879 clarum
1126 3805 1345 3902 projectum
1367 3802 1591 3892 videretur,
1612 3800 1747 3875 eodem
1775 3803 1918 3896 modo,
1942 3798 2025 3900 qno

217 3948 333 4024 saepe
355 3926 399 4001 in
426 3927 658 4002 satellitibus
679 3929 951 4022 observamus,
970 3930 1128 4027 quando
1149 3951 1253 4024 pone
1278 3925 1469 4001 annulum
1493 3936 1708 4008 transeunt.
1764 3924 2024 4026 Cogitandum'

219 4062 350 4137 autem
367 4061 426 4126 est
440 4063 480 4127 et
501 4054 551 4126 ab
573 4053 699 4127 altera
713 4064 850 4153 parte,
871 4055 1021 4130 clarum
1044 4055 1145 4130 illud
1159 4063 1347 4151 punctum
1366 4074 1481 4150 saepe
1494 4054 1670 4151 pmximc
1684 4077 1867 4129 ansarum
1887 4054 2025 4129 annuli

218 4180 497 4254 extremitatem
514 4180 734 4271 observari,
758 4190 1104 4280 computatamque
1130 4178 1355 4254 distantiam
1371 4176 1480 4275 quod
1499 4179 1552 4252 ad
1571 4181 1666 4255 talia
1683 4181 1946 4279 phaenomena
1965 4182 2025 4255 ni-

218 4305 293 4378 mis
310 4327 477 4404 parvam
492 4327 596 4396 csse,
616 4329 723 4404 qnae
743 4305 796 4380 ad
827 4306 1035 4381 minimum
1062 4306 1133 4383 19''
1151 4305 1212 4380 vel
1235 4305 1305 4380 ΖΨ
1337 4326 1418 4378 esse
1448 4303 1618 4384 deberet.
1668 4306 1785 4407 Quod
1811 4305 2025 4381 Hsnscnsu

218 4438 333 4530 putat
351 4431 488 4530 puncti
518 4432 613 4506 situi
642 4431 941 4508 adscribendmn
966 4454 1071 4523 esse,
1090 4431 1164 4530 qui
1180 4428 1380 4505 mutabilis
1407 4452 1492 4504 esse
1518 4430 1698 4521 videtur,
1722 4442 1828 4508 carte
1844 4430 2022 4528 alioquin

219 4554 284 4631 vix
311 4555 481 4655 intelligi
500 4567 648 4654 posset,
680 4558 877 4656 quomodo
896 4558 1108 4632 satellitum
1135 4555 1301 4655 aliquis,
1329 4552 1481 4630 clarior
1495 4565 1623 4647 sesto,
1645 4570 1686 4634 et
1704 4581 1816 4656 saepe
1833 4556 2024 4647 visibilis,

217 4680 336 4757 cuam
370 4681 466 4757 lunt
488 4683 724 4782 fcreptcns,
748 4692 829 4757 tam
856 4704 974 4782 saepe
995 4685 1079 4782 eius
1108 4683 1236 4759 visum
1265 4679 1469 4777 effugeret,
1494 4680 1537 4754 in
1561 4682 1644 4780 ejus
1669 4685 1939 4786 ficqwntibus
1959 4704 2024 4760 ru·

219 4805 512 4900 volutionibus,
532 4809 611 4887 nisi
627 4811 700 4889 illc
713 4809 757 4885 in
779 4809 868 4909 q'us
883 4818 1100 4910 apparente
1109 4807 1289 4885 claritate
1303 4806 1473 4882 multum
1489 4816 1676 4884 mutaret.

225 5024 498 5059 m

265 5165 315 5257 (l)
339 5164 438 5238 rtet.
461 5166 670 5252 Ismara,
692 5166 768 5240 tot
784 5167 922 5243 tm.
949 5171 1051 5245 tito.
1067 5169 1158 5242 rut
1171 5167 1201 5242 l.
1231 5191 1307 5263 pag.
1327 5169 1408 5243 sta
