4970 6164
944 593 1031 619 ,-..
1061 557 1153 639 ‚aas
1198 594 1272 617 ..-

253 751 361 829 Idam
385 752 515 829 locum
542 752 659 829 habet
679 753 788 850 quod
814 754 867 833 od
888 753 1101 831 australem
1128 752 1437 852 hemisphaeram
1464 750 1627 841 attinet,
1651 749 1812 847 quando
1838 745 2023 835 australis

204 880 341 954 annuli
366 880 489 955 faoies
512 879 772 955 illuminetur.
820 879 945 953 Simul
968 901 1058 953 oum
1088 879 1247 978 planeta
1274 876 1347 950 tali
1366 876 1485 952 modo
1509 874 1659 948 oireurn
1687 877 1807 952 solem
1834 873 2022 961 (inuritur,

205 1003 395 1094 annulus,
418 1013 465 1077 ut
497 1004 582 1104 ejus
604 1004 765 1102 planum
792 1024 945 1102 semper
967 1028 1058 1079 cum
1095 1027 1136 1083 se
1165 1005 1251 1102 ipso
1285 999 1520 1099 parallelum
1546 1011 1723 1091 maneat,
1756 1003 1926 1096 hincque
1954 999 2025 1089 fit,

206 1137 253 1202 ut
275 1149 349 1225 per
367 1127 541 1202 alterum
568 1129 663 1203 anni
691 1128 873 1203 Saturnei
903 1127 1113 1205 dimidInm
1132 1154 1226 1229 pars
1247 1124 1440 1213 borealis,
1465 1132 1586 1220 atque
1616 1149 1690 1224 per
1721 1128 1890 1199 alterum
1909 1123 2025 1199 dimi·

206 1252 316 1327 dium
344 1275 438 1350 pars
469 1253 606 1328 annuli
643 1252 828 1330 australis
857 1253 1116 1329 illuminetur.
1174 1253 1343 1328 Gireiter
1368 1272 1465 1347 ergo
1494 1248 1541 1325 15
1573 1262 1801 1325 nostrorum
1830 1271 2025 1323 annorum

204 1374 331 1450 altera
352 1376 489 1450 annuli
510 1399 604 1474 pars
624 1389 739 1452 noete
758 1378 914 1452 obtecta
943 1388 1023 1466 est3
1048 1378 1140 1452 lieet
1163 1378 1415 1451 adumbratio
1440 1375 1578 1469 puncti
1598 1375 1751 1449 deliniti
1771 1376 1813 1448 in
1830 1374 2023 1464 Saturno,

203 1522 283 1577 non
313 1499 473 1597 quidem
505 1499 657 1574 tamdiu
686 1501 828 1591 duret,
852 1502 1038 1597 quoniam
1061 1502 1211 1579 avaris
1229 1501 1345 1575 initio
1367 1495 1564 1593 usquead
1588 1498 1800 1573 solstitium
1830 1500 1882 1575 ab
1906 1499 2028 1575 homi·

208 1625 376 1722 sphaera
391 1622 617 1720 aequatoris
640 1624 792 1699 boreali
812 1646 938 1721 usque
960 1624 1014 1698 ad
1040 1625 1252 1700 australem
1274 1624 1425 1723 pergit,
1451 1630 1580 1697 tanuen
1604 1625 1698 1699 solis
1715 1623 1889 1698 defectus
1908 1621 2027 1695 modo

206 1747 426 1847 descriptus
445 1748 488 1823 in
510 1749 644 1823 multis
663 1749 890 1846 regionibus
910 1747 1024 1821 valde
1038 1759 1096 1823 est
1112 1749 1339 1824 diuturnus.
1369 1745 1569 1844 Quaenam
1590 1748 1798 1825 varietates
1816 1757 2029 1844 propterea

205 1873 249 1947 in
276 1875 536 1972 singularium
561 1896 749 1949 zonarum
771 1874 927 1949 elimate
953 1871 1192 1965 efficiuntur,
1216 1894 1297 1947 non
1321 1880 1400 1961 est,
1433 1871 1543 1967 quod
1566 1870 1790 1968 dijudionro
1811 1871 2027 1969 possimus3

205 1998 239 2070 si
261 2008 391 2071 autem
412 1997 514 2073 illud
532 2000 744 2074 seeundum
777 2000 905 2076 nostri
929 1998 1107 2095 planetae
1131 2008 1315 2072 naturam
1343 1996 1629 2103 dijudIoamus,
1656 1997 1818 2071 omnino
1838 1994 1952 2070 valde
1969 1998 2028 2071 in·

204 2131 363 2216 gratum
393 2145 475 2196 esse
510 2123 688 2215 deberet,
721 2125 880 2224 quando
904 2133 1116 2197 autumnus
1141 2143 1328 2195 zonarum
1363 2130 1672 2218 temperatorum
1703 2129 1836 2193 terrae
1870 2131 2029 2197 nostrae

205 2247 336 2323 adhue
352 2247 547 2350 ‚fugium
570 2252 826 2352 asperiorque
848 2253 961 2327 lieret
990 2248 1083 2323 solis
1103 2246 1258 2322 deiectu
1280 2245 1351 2341 qui
1381 2245 1642 2321 hebdomades
1669 2243 1732 2316 vel
1766 2266 1914 2318 menses
1940 2268 2031 2343 per·

206 2372 382 2449 duraret.
1532 2444 1537 2453 ,

254 2496 437 2574 Planetae
457 2511 497 2576 et
513 2509 684 2579 cometae
704 2499 976 2576 tantummodo
1000 2494 1156 2569 annulis
1183 2494 1450 2587 obteguntur,
1477 2490 1637 2588 quando
1663 2489 1714 2562 iis
1739 2501 1831 2563 sunt
1861 2491 2031 2567 deelina-

206 2619 332 2694 tiones
355 2624 496 2717 exiles,
519 2628 627 2724 quod
649 2629 765 2701 etiam
784 2623 915 2697 looum
930 2620 1048 2693 babet
1067 2625 1250 2713 respectu
1269 2612 1431 2688 Saturni
1449 2613 1684 2700 satellitum,
1699 2610 1767 2682 sed
1787 2635 1883 2689 raro
1898 2627 1938 2688 et
1957 2639 2030 2714 per

206 2741 366 2818 brevius
401 2757 564 2849 tempus.
622 2751 869 2825 Annulorum
898 2743 1065 2832 rotatio,
1101 2763 1203 2838 quae
1234 2749 1282 2814 ut
1315 2738 1503 2826 vidimus,
1535 2734 1770 2809 diuturnior
1796 2747 1876 2832 est,
1909 2763 2031 2836 quam

206 2866 388 2959 Saturni,
412 2872 538 2948 solum
559 2875 601 2949 in
618 2871 755 2947 annuli
776 2869 1124 2966 inaequalitatibus
1146 2863 1410 2939 differentiam
1435 2861 1601 2960 profert.
1650 2860 1691 2934 Si
1715 2869 1848 2935 autem
1867 2866 2030 2939 annulo-

204 3017 297 3071 rum
329 2993 411 3091 poli
441 3018 529 3070 oum
555 2996 764 3072 rotationis
786 2992 888 3092 polis
917 2991 1079 3068 Saturni
1102 2995 1354 3081 coincidunt,
1379 3004 1532 3060 neeesse
1554 2993 1631 3075 ost,
1659 2994 1708 3059 ut
1733 2987 1827 3062 hino
1846 2989 2031 3064 oriantur

204 3118 442 3193 mutationes
465 3123 574 3219 quod
594 3123 645 3197 ad
673 3125 792 3197 situm
818 3121 1079 3211 annulorum,
1104 3120 1260 3194 ratione
1280 3115 1418 3191 habita
1442 3107 1660 3182 horizontis
1687 3110 1765 3188 looi
1794 3113 1906 3204 dati,
1929 3137 2031 3212 quae

201 3245 440 3318 mutationes
459 3249 734 3322 convenienter
747 3247 843 3321 situi
865 3244 1069 3343 eclipticas
1087 3245 1249 3341 ejusque
1269 3234 1547 3339 parallelorum
1569 3232 1612 3306 in
1638 3247 1776 3314 nostro
1803 3240 2028 3332 horizonte,

203 3370 321 3443 etiam
341 3373 550 3445 meandum
568 3372 719 3445 easdem
751 3380 915 3468 possunt
940 3370 1162 3466 eomputuri
1185 3367 1356 3465 regulas.
1403 3358 1501 3432 Illae
1522 3369 1651 3433 autem
1677 3366 1914 3440 mutationes
1935 3388 2032 3439 non·

203 3491 303 3565 dum
333 3495 559 3570 observatae
588 3496 792 3584 videntur,
820 3504 989 3591 suntque
1016 3497 1134 3570 etiam
1168 3494 1398 3590 oonjunotae
1417 3505 1506 3556 oum
1530 3481 1828 3562 difficultatibus
1845 3488 2030 3564 theoreti-

205 3621 281 3711 ois,
309 3630 355 3693 ut
374 3622 634 3695 neeessariam
655 3622 780 3694 libere
801 3641 1076 3717 suspensorum
1101 3617 1339 3696 annulorum
1359 3616 1539 3684 serretur
1561 3610 1860 3706 aequilibrium.

1057 3811 1088 3913 ξ.
1138 3818 1175 3895 5.

258 4011 360 4086 Dum
375 4013 480 4113 typis
505 4013 794 4111 inprimebatur
811 4012 908 4087 bueo
924 4010 1174 4103 dissertatio,
1198 4007 1296 4085 mihi
1315 4003 1356 4077 in
1377 4024 1515 4076 monus
1535 4000 1642 4075 venit
1656 3999 1907 4102 praeclarum
1930 4024 2029 4100 opus

206 4138 351 4213 Barau
373 4147 413 4212 et
432 4137 641 4225 moran,
667 4140 732 4213 oui
758 4138 922 4211 titulusx
946 4137 1158 4239 Beytrdge
1177 4160 1253 4212 aur
1272 4127 1519 4229 physiselten
1537 4124 1772 4202 Kenstntn
1790 4124 1867 4199 der
1882 4124 2030 4200 lomus

205 4261 359 4339 liseben
377 4261 551 4360 uesper
574 4262 634 4334 im
657 4262 1009 4362 Sonuenspsteme.
1059 4264 1107 4338 ln
1129 4286 1210 4361 quo
1230 4262 1347 4334 etiam
1368 4250 1606 4327 annulorum
1628 4251 1766 4348 pheses
1788 4250 1942 4325 ratione
1965 4251 2031 4324 Sa·

205 4387 318 4462 turni
343 4388 499 4477 habita,
523 4400 900 4480 commemorantur,
923 4400 965 4464 et
988 4411 1113 4488 parvo
1144 4409 1235 4461 oum
1260 4384 1398 4456 labora
1426 4380 1468 4454 in
1498 4378 1681 4452 omnibus
1706 4374 1886 4472 planetae
1904 4375 2030 4472 regio-
2173 4442 2176 4447 .

206 4515 323 4589 nibus
353 4513 535 4611 indagari
562 4524 748 4611 possunt,
774 4539 849 4616 ope
878 4515 1134 4602 tabellarum,
1168 4511 1211 4584 in
1237 4508 1313 4581 boo
1336 4524 1455 4601 opere
1475 4500 1782 4586 ooourrentium.
1831 4498 1958 4598 Quam
1976 4501 2030 4574 ob

204 4662 363 4717 eausam
396 4639 647 4737 praeeipuam
678 4661 837 4736 quoque
869 4640 989 4737 huJus
1015 4637 1147 4736 operis
1178 4642 1334 4733 partem
1372 4629 1439 4702 hio
1473 4628 1750 4703 describemus.
1802 4620 1863 4696 lu
1886 4624 2031 4697 barum

204 4767 385 4867 pbasium
406 4765 737 4861 eomputationem
756 4763 949 4839 nominati
965 4773 1145 4839 auctores
1162 4759 1352 4835 adhibent
1376 4752 1579 4851 sequentia
1602 4752 1697 4825 data
1712 4770 1789 4845 pro
1802 4747 1886 4820 basi
1907 4746 1981 4845 ills

304 4924 466 5002 Saturni
492 4924 730 5001 manarum
751 4924 1058 5022 aequatorialem
1121 4978 1131 5000 .
1182 4978 1192 4998 .
1241 4918 1438 5005 .17“·‚053
1466 4942 1506 4982 =
1538 4916 1657 4988 16305
1679 4908 1774 4984 mill
1799 4931 1934 5007 geogr.

377 5081 393 5125 s
590 5080 606 5127 a
744 5049 920 5151 potarem
1000 5093 1255 5124 .....
1282 5038 1657 5133 15,38t=ltoto
1733 5063 1749 5107 s
1852 5062 1868 5111 ι

213 5194 425 5227 ..ιιι-ἠ-

234 5310 300 5417 Ι(Ι)
323 5325 400 5397 tid.
421 5345 500 5418 opus
517 5323 704 5404 laudatum,
728 5346 802 5416 pag.
820 5330 876 5395 82.
