4978 6160
1169 1290 1518 1409 catut.
1566 1298 1604 1403 1.

1013 1583 1192 1641 tanum
1225 1586 1438 1645 nttnoal
1469 1587 1725 1647 lustoau.

1326 1882 1357 1984 t.
1398 1890 1431 1961 1.

465 2204 631 2294 Martis,
657 2201 818 2277 Veneris
841 2213 879 2275 et
902 2202 1112 2292 Mercurii,
1145 2202 1305 2275 nomina
1336 2211 1489 2275 tantum
1518 2203 1753 2277 monadibus
1786 2203 1943 2300 cognita
1970 2215 2104 2296 erant,
2137 2217 2177 2279 et
2204 2230 2279 2303 per

463 2328 589 2402 multa
608 2328 738 2403 secula
757 2326 934 2423 planetae
956 2326 1032 2424 ipsi
1052 2346 1267 2420 eorumque
1286 2324 1436 2399 indoles
1458 2347 1505 2397 ac
1529 2335 1672 2398 natura
1690 2327 1865 2402 homines
1882 2328 2047 2403 latuere.
2096 2328 2278 2403 Sciebant

465 2461 620 2527 tantum
638 2474 705 2526 eos
727 2449 779 2525 ad
800 2460 965 2548 systema
985 2450 1112 2527 solare
1132 2451 1331 2551 pertinere
1351 2460 1390 2525 ct
1407 2471 1578 2550 colpora
1600 2448 1775 2525 rotunda
1795 2474 1889 2528 esse.

1319 2643 1352 2746 ς.
1387 2646 1423 2722 2.

508 2844 682 2920 Exetmte
711 2840 869 2919 domum
914 2855 1072 2923 nostrae
1120 2865 1236 2922 aerae
1282 2838 1412 2915 seculo
1456 2836 1607 2916 decimo
1641 2853 1781 2936 sento,
1814 2841 2032 2918 Ztcnaans
2063 2843 2277 2926 Jmssnnns

459 2967 816 3065 Maiioburgcnsis,
842 2988 935 3040 casu
955 2971 1072 3045 tubos
1103 2969 1253 3068 opticos
1278 2963 1449 3051 invenit3
1475 2963 1544 3037 sed
1565 2965 1730 3044 frustra.
1779 2966 1966 3066 Princeps
1989 2967 2093 3041 enim
2120 2969 2276 3048 Manm·

459 3113 548 3169 mus
591 3091 709 3165 hocce
742 3089 1046 3168 instrumentum
1090 3116 1233 3190 magna
1272 3113 1361 3164 cum
1389 3087 1564 3162 utilitate
1591 3090 1635 3163 in
1665 3089 1769 3164 bello
1797 3090 1980 3164 adhibc1i
2007 3113 2119 3186 posse
2145 3096 2276 3171 existi·

457 3238 587 3305 mans,
611 3214 649 3287 ei
670 3213 789 3311 hujus
810 3214 1046 3289 inventionis
1072 3214 1372 3312 patefactionem
1399 3213 1671 3287 interdicebat.
1720 3213 1852 3287 Invito
1884 3223 2014 3286 tamen
2045 3213 2268 3311 Manmmo,

456 3362 520 3414 res
550 3360 623 3437 per
648 3337 868 3434 comparo
893 3360 1046 3412 omnem
1074 3337 1379 3435 dimilgabatur3
1404 3336 1538 3412 insciis
1554 3335 1736 3434 quamvis
1761 3335 1961 3426 omnibns,
1995 3336 2192 3431 quomodo
2211 3339 2273 3415 in·

456 3470 673 3535 strumenta
704 3462 920 3557 composita
949 3473 1086 3538 essent.
1136 3460 1320 3539 Pervenit
1344 3460 1463 3534 etiam
1492 3459 1598 3532 fama
1613 3458 1664 3532 ad
1688 3457 1923 3535 Gammausa
1950 3456 2166 3553 Venatum,
2198 3464 2270 3560 qni

455 3584 587 3657 statim
607 3582 763 3657 adrem
784 3584 1023 3683 incognitam
1043 3586 1301 3685 detegendam
1335 3604 1468 3658 omnes
1487 3582 1657 3660 intendit
1675 3584 1800 3673 vires,
1826 3580 1932 3661 felici
1961 3602 2142 3657 successu
2156 3607 2270 3676 nsus;

455 3706 706 3783 retractionis
727 3709 829 3783 enim
864 3710 1071 3788 radiorum
1101 3711 1263 3786 luminis
1293 3707 1449 3782 theoria
1479 3707 1642 3798 ductus,
1677 3706 1996 3805 compositionem
2026 3703 2174 3780 invenit
2207 3718 2269 3782 tn-

453 3833 597 3907 borum
618 3831 863 3930 ορῐίοοωω,
888 3834 1043 3912 duobus
1059 3838 1174 3914 vitris
1202 3838 1499 3910 instructorum.
1549 3832 1690 3907 Statim
1708 3831 1925 3906 fabricatus
1948 3836 2006 3902 est
2022 3827 2162 3920 talem,
2186 3850 2268 3927 quo

454 3956 606 4052 objecta
631 3953 675 4028 in
709 3954 903 4035 diametro
932 3960 1055 4060 triplo
1083 3962 1238 4058 maJ'ora
1269 3957 1544 4056 conspiciebat.
1589 3954 1720 4062 Lapsa
1744 3954 1933 4054 temporis
1964 3973 2030 4024 ars
2048 3951 2193 4043 crevit,
2224 3965 2265 4027 et

452 4103 532 4155 non
563 4079 634 4153 diu
658 4089 747 4177 post
783 4079 1001 4160 omnino
1036 4086 1135 4161 dnos
1162 4086 1261 4159 alios
1300 4082 1489 4174 confecit,
1514 4102 1686 4179 quorum
1712 4080 1838 4155 altero
1869 4074 2011 4166 cotim,
2035 4076 2159 4151 altero
2193 4080 2266 4153 tri·

451 4203 574 4301 gesies
605 4203 759 4299 majora
792 4205 946 4303 objecta
971 4210 1280 4307 conspicabatur.
1329 4207 1390 4282 Ab
1422 4207 1499 4283 hoc
1528 4205 1621 4280 inde
1653 4214 1830 4302 tempore
1861 4198 2058 4296 dispulsae
2088 4211 2179 4274 sunt
2207 4203 2265 4301 ig-

451 4325 658 4402 norantiae
673 4327 874 4419 tenebrae,
899 4329 1085 4428 coeloque
1112 4333 1314 4408 hominum
1340 4331 1465 4408 oculis
1479 4352 1604 4430 prope
1617 4322 1894 4429 perlustranda
1906 4330 2080 4421 patuere.
2129 4322 2264 4400 Astro-

451 4451 583 4527 nomia
609 4449 728 4524 aliam
754 4473 917 4549 eamque
937 4454 1053 4552 plane
1084 4481 1224 4535 novam
1259 4459 1428 4535 formam
1454 4467 1591 4550 nacta,
1625 4468 1862 4553 campusque
1900 4446 2109 4521 immensus
2138 4445 2265 4522 homi·

450 4598 546 4653 num
569 4574 813 4672 indagationi
835 4585 995 4675 apertus
1012 4590 1082 4654 cst.

498 4699 604 4774 Laus
624 4699 751 4797 igitur
775 4702 980 4776 tribuatur
1001 4704 1109 4794 viro,
1134 4706 1206 4808 qui
1234 4704 1382 4806 ingenii
1413 4705 1592 4781 acumine
1620 4710 1746 4779 artem
1774 4705 1857 4771 tam
1885 4690 2023 4768 utilem
2038 4693 2263 4792 pulchram—

450 4849 592 4927 quaec
614 4850 744 4928 usquc
758 4827 958 4928 perduxit.

1306 4998 1412 5103 §.a

495 5189 665 5298 Jamjam
683 5195 906 5279 (iuuant
926 5197 1200 5301 telescopium,
1233 5196 1428 5276 recentius
1443 5220 1469 5274 a
1486 5217 1528 5274 sc
1547 5190 1827 5296 compositam,
1850 5184 1904 5267 ad
1921 5182 2074 5266 coelum
2092 5203 2256 5262 conta*
